"ID","Type","VariableLength","TaskSet","Task1Length","Task2Length","Task3Length","Task4Length","Task5Length","Task6Length","Task1Deadline","Task2Deadline","Task3Deadline","Task4Deadline","Task5Deadline","Task6Deadline","Task1Points","Task2Points","Task3Points","Task4Points","Task5Points","Task6Points","Task1Rank","Task2Rank","Task3Rank","Task4Rank","Task5Rank","Task6Rank","DynamicTasks","EarnedPoints","OptimalPoints","Time","TurnOrder","Correlation","CorrelationCondition"
"1701183943900","order","0","2","5","5","5","5","5","5","21","13","11","29","16","9","199","311","225","219","222","171","2","0","0","1","3","0",NA,"640","1176","27250",NA,"-0.05","0.00"
"1701183943900","order","0","3","5","5","5","5","5","5","19","19","7","21","23","15","148","190","390","249","161","194","3","2","0","1","0","0",NA,"587","1023","29656",NA,"-0.82","-0.70"
"1701183943900","order","0","4","5","5","5","5","5","5","18","13","27","18","14","10","108","193","343","374","193","90","2","0","0","0","1","0",NA,"301","1103","27626",NA,"0.68","0.70"
"1701183943900","order","0","5","5","5","5","5","5","5","13","25","9","18","28","7","73","221","399","326","262","250","2","1","0","0","0","0",NA,"294","1281","39905",NA,"-0.11","0.00"
"1701183943900","order","0","6","5","5","5","5","5","5","8","10","10","25","11","19","206","227","191","292","105","347","1","0","2","0","0","0",NA,"397","1072","31058",NA,"0.70","0.70"
"1701183943900","order","0","7","5","5","5","5","5","5","11","23","29","9","10","15","147","145","276","223","381","184","2","1","0","0","0","3",NA,"476","1209","16746",NA,"-0.11","0.00"
"1701183943900","order","0","8","5","5","5","5","5","5","8","30","22","7","9","7","266","196","99","243","307","241","0","2","1","0","0","0",NA,"295","602","30449",NA,"-0.67","-0.70"
"1701183943900","order","0","9","5","5","5","5","5","5","28","13","9","12","24","17","302","266","213","129","259","257","0","0","0","1","0","0",NA,"129","1297","27510",NA,"0.66","0.70"
"1701294092914","complete","0","1","5","5","5","5","5","5","13","25","18","6","11","14","348","67","170","234","330","50","2","4","3","1","0","0",NA,"819","915","85418",NA,"-0.58","-0.70"
"1701294092914","complete","0","2","5","5","5","5","5","5","18","28","13","5","23","9","285","297","172","269","173","211","3","5","2","1","4","0",NA,"1196","1196","53801",NA,"0.16","0.00"
"1701294092914","complete","0","3","5","5","5","5","5","5","15","6","8","10","24","25","230","132","191","50","356","317","2","0","1","0","3","4",NA,"1094","1144","30362",NA,"0.86","0.70"
"1701294092914","complete","0","4","5","5","5","5","5","5","9","7","21","17","23","14","295","304","312","224","204","328","0","1","4","3","0","2",NA,"1168","1168","60562",NA,"-0.52","-0.70"
"1701294092914","complete","0","5","5","5","5","5","5","5","15","24","13","9","27","16","152","224","349","186","197","178","0","4","2","1","5","3",NA,"1134","1134","24983",NA,"-0.11","0.00"
"1701294092914","complete","0","6","5","5","5","5","5","5","5","9","21","20","13","13","111","251","251","330","266","292","0","1","4","3","0","2",NA,"1124","1139","19793",NA,"0.73","0.70"
"1701294092914","complete","0","7","5","5","5","5","5","5","14","23","9","6","25","16","198","99","302","344","225","312","2","4","0","1","5","3",NA,"1178","1178","24874",NA,"-0.73","-0.70"
"1701294092914","complete","0","8","5","5","5","5","5","5","9","15","21","12","7","27","116","280","87","206","218","264","0","3","4","2","1","5",NA,"1055","1055","15432",NA,"0.15","0.00"
"1701294092914","complete","0","9","5","5","5","5","5","5","9","17","9","18","13","26","128","245","225","213","263","370","0","3","1","0","2","4",NA,"1103","1103","17272",NA,"0.81","0.70"
"1701294127758","order","0","1","5","5","5","5","5","5","19","9","5","17","29","12","216","222","423","221","139","238","0","0","1","3","4","2",NA,"1021","1021","20846",NA,"-0.81","-0.70"
"1701294127758","order","0","2","5","5","5","5","5","5","15","6","25","16","14","13","244","245","352","219","261","238","3","1","4","0","2","0",NA,"1102","1102","22053",NA,"0.73","0.70"
"1701294127758","order","0","3","5","5","5","5","5","5","20","6","8","6","13","28","188","381","322","134","186","320","3","1","0","0","2","4",NA,"1075","1075","10795",NA,"0.03","0.00"
"1701294127758","order","0","4","5","5","5","5","5","5","27","8","9","22","21","11","277","192","130","203","224","202","4","1","0","3","2","0",NA,"896","1098","14262",NA,"0.80","0.70"
"1701294127758","order","0","5","5","5","5","5","5","5","6","16","23","9","26","9","266","240","109","190","138","298","0","2","3","0","4","1",NA,"785","785","11464",NA,"-0.81","-0.70"
"1701294127758","order","0","6","5","5","5","5","5","5","28","9","24","13","14","10","155","306","375","261","360","177","4","1","3","0","2","0",NA,"1196","1196","13353",NA,"-0.11","0.00"
"1701294127758","order","0","7","5","5","5","5","5","5","15","9","8","15","26","18","161","243","349","241","183","207","0","0","1","2","4","3",NA,"980","980","22153",NA,"-0.69","-0.70"
"1701294127758","order","0","8","5","5","5","5","5","5","23","17","12","22","19","11","278","270","242","87","409","251","4","0","2","0","3","1",NA,"1180","1208","18162",NA,"-0.12","0.00"
"1701294127758","order","0","9","5","5","5","5","5","5","13","16","11","26","8","22","227","208","124","261","153","209","2","3","0","5","1","4",NA,"1058","1058","13872",NA,"0.78","0.70"
"1701294196945","complete","0","1","5","5","5","5","5","5","14","11","29","8","8","7","196","265","311","197","354","276","0","0","1","0","0","0",NA,"311","930","15961",NA,"0.19","0.00"
"1701294196945","complete","0","2","5","5","5","5","5","5","22","13","12","9","15","27","192","334","197","222","277","276","0","1","0","0","0","0",NA,"334","1301","13918",NA,"0.04","0.00"
"1701294196945","complete","0","3","5","5","5","5","5","5","8","10","14","10","13","23","238","145","94","186","224","326","0","0","0","0","0","1",NA,"326","788","8270",NA,"0.54","0.70"
"1701294196945","complete","0","4","5","5","5","5","5","5","18","11","12","7","18","23","226","205","138","219","50","294","0","0","0","0","0","1",NA,"294","944","8914",NA,"0.16","0.00"
"1701294196945","complete","0","5","5","5","5","5","5","5","12","29","7","13","10","5","102","409","150","318","110","104","0","1","0","0","0","0",NA,"409","877","15149",NA,"0.85","0.70"
"1701294196945","complete","0","6","5","5","5","5","5","5","20","20","17","9","8","15","208","296","191","330","341","194","0","0","0","1","0","0",NA,"330","1039","9785",NA,"-0.65","-0.70"
"1701294196945","complete","0","7","5","5","5","5","5","5","12","16","22","7","15","30","222","213","187","403","271","158","0","0","0","1","0","0",NA,"403","1241","11558",NA,"-0.83","-0.70"
"1701294196945","complete","0","8","5","5","5","5","5","5","26","14","20","22","9","6","284","115","207","214","143","172","1","0","0","0","0","0",NA,"284","992","6685",NA,"0.78","0.70"
"1701294196945","complete","0","9","5","5","5","5","5","5","30","9","23","10","7","7","109","211","120","238","233","165","0","0","0","1","0","0",NA,"238","700","3817",NA,"-0.84","-0.70"
"1701294255981","complete","0","1","5","5","5","5","5","5","8","9","7","25","19","26","212","271","296","169","233","177","1","0","0","4","2","3",NA,"791","875","10203",NA,"-0.82","-0.70"
"1701294255981","complete","0","2","5","5","5","5","5","5","29","17","17","6","6","11","229","208","217","208","264","194","1","3","2","0","0","0",NA,"654","918","5380",NA,"-0.08","0.00"
"1701294255981","complete","0","3","5","5","5","5","5","5","12","13","25","18","8","9","228","262","339","109","319","225","1","0","2","3","0","0",NA,"676","1029","5909",NA,"0.06","0.00"
"1701294255981","complete","0","4","5","5","5","5","5","5","22","20","9","18","10","21","235","317","356","228","293","179","1","2","0","3","0","4",NA,"959","1201","6848",NA,"-0.69","-0.70"
"1701294255981","complete","0","5","5","5","5","5","5","5","26","15","8","17","11","19","337","206","140","201","203","198","1","0","0","3","2","0",NA,"741","947","5021",NA,"0.89","0.70"
"1701294255981","complete","0","6","5","5","5","5","5","5","9","14","19","16","13","27","100","192","177","293","145","310","1","0","0","2","0","3",NA,"703","972","6127",NA,"0.79","0.70"
"1701294255981","complete","0","7","5","5","5","5","5","5","26","8","12","7","22","13","149","241","212","192","172","215","1","0","2","0","3","0",NA,"533","777","5195",NA,"-0.83","-0.70"
"1701294255981","complete","0","8","5","5","5","5","5","5","13","18","10","8","8","18","215","328","129","234","243","261","1","2","0","0","0","3",NA,"804","832","4607",NA,"0.58","0.70"
"1701294255981","complete","0","9","5","5","5","5","5","5","20","29","9","12","15","7","254","276","291","290","301","232","2","4","0","1","3","0",NA,"1121","1412","5835",NA,"0.11","0.00"
"1701294321562","order","0","1","5","5","5","5","5","5","18","28","24","9","14","10","111","160","292","238","149","172","0","0","3","1","2","0",NA,"679","973","41860",NA,"0.07","0.00"
"1701294321562","order","0","2","5","5","5","5","5","5","15","10","13","18","7","30","164","254","203","187","305","294","0","0","2","0","1","3",NA,"802","1040","26762",NA,"0.06","0.00"
"1701294321562","order","0","3","5","5","5","5","5","5","13","16","20","16","11","6","240","258","158","294","226","353","0","0","4","3","2","1",NA,"1031","1063","28713",NA,"-0.74","-0.70"
"1701294321562","order","0","4","5","5","5","5","5","5","28","10","13","9","14","24","154","149","145","218","146","187","0","0","0","1","2","3",NA,"551","708","18382",NA,"-0.12","0.00"
"1701294321562","order","0","5","5","5","5","5","5","5","14","5","26","7","27","20","263","256","373","245","297","297","2","1","4","0","0","3",NA,"1189","1486","17843",NA,"0.81","0.70"
"1701294321562","order","0","6","5","5","5","5","5","5","28","6","10","24","7","8","127","334","417","92","245","273","3","1","2","0","0","0",NA,"878","970","39917",NA,"-0.80","-0.70"
"1701294321562","order","0","7","5","5","5","5","5","5","14","27","9","13","11","6","280","168","178","324","259","326","0","3","0","0","2","1",NA,"753","818","43213",NA,"-0.55","-0.70"
"1701294321562","order","0","8","5","5","5","5","5","5","21","11","16","25","7","16","257","127","232","276","157","170","3","0","2","4","1","0",NA,"922","1092","23587",NA,"0.88","0.70"
"1701294321562","order","0","9","5","5","5","5","5","5","14","18","13","9","11","23","301","215","287","170","113","293","0","3","2","1","0","4",NA,"965","1096","32066",NA,"0.56","0.70"
"1701294580927","order","0","1","5","5","5","5","5","5","19","11","5","9","22","18","282","172","154","298","266","304","1","2","0","0","0","3",NA,"758","1150","18491",NA,"0.62","0.70"
"1701294580927","order","0","2","5","5","5","5","5","5","12","12","18","29","15","8","164","62","204","137","257","107","2","0","0","3","0","1",NA,"408","762","36878",NA,"0.19","0.00"
"1701294580927","order","0","3","5","5","5","5","5","5","19","19","5","15","28","17","164","254","302","230","152","199","0","0","1","0","0","2",NA,"501","938","30528",NA,"-0.85","-0.70"
"1701294580927","order","0","4","5","5","5","5","5","5","6","17","11","5","28","24","187","190","189","192","373","282","1","0","2","0","0","0",NA,"376","1226","24901",NA,"0.87","0.70"
"1701294580927","order","0","5","5","5","5","5","5","5","8","5","20","27","6","12","132","141","220","372","211","243","0","0","1","2","0","0",NA,"592","1046","21401",NA,"0.85","0.70"
"1701294580927","order","0","6","5","5","5","5","5","5","23","25","6","13","17","7","212","125","341","204","101","263","0","0","1","0","0","0",NA,"341","983","57584",NA,"-0.75","-0.70"
"1701294580927","order","0","7","5","5","5","5","5","5","21","12","17","25","7","20","156","170","181","149","212","345","0","2","3","0","1","0",NA,"563","1057","18815",NA,"-0.05","0.00"
"1701294580927","order","0","8","5","5","5","5","5","5","7","22","13","9","7","20","282","237","50","272","222","267","1","0","0","0","0","0",NA,"282","836","53841",NA,"-0.04","0.00"
"1701294580927","order","0","9","5","5","5","5","5","5","17","18","19","17","22","12","252","165","125","144","96","264","0","2","3","0","0","1",NA,"554","777","19707",NA,"-0.84","-0.70"
"1701294604427","order","0","1","5","5","5","5","5","5","13","7","15","11","12","29","177","426","155","116","196","95","0","1","0","0","2","3",NA,"717","872","66827",NA,"-0.64","-0.70"
"1701294604427","order","0","2","5","5","5","5","5","5","9","14","20","28","9","6","145","303","251","353","195","183","0","2","0","3","1","0",NA,"851","1102","41293",NA,"0.86","0.70"
"1701294604427","order","0","3","5","5","5","5","5","5","20","26","16","14","21","6","261","118","303","262","136","147","3","4","2","0","0","1",NA,"829","1091","45319",NA,"-0.19","0.00"
"1701294604427","order","0","4","5","5","5","5","5","5","25","12","5","19","16","9","202","347","142","328","162","338","4","2","1","3","0","0",NA,"1019","1215","75179",NA,"0.01","0.00"
"1701294604427","order","0","5","5","5","5","5","5","5","16","6","21","16","9","25","177","268","168","294","195","278","2","1","0","3","0","4",NA,"1017","1185","77189",NA,"-0.01","0.00"
"1701294604427","order","0","6","5","5","5","5","5","5","18","7","16","18","10","14","342","146","186","321","169","207","3","1","0","0","0","2",NA,"695","870","54174",NA,"0.84","0.70"
"1701294604427","order","0","7","5","5","5","5","5","5","10","28","8","21","11","23","229","381","253","307","190","264","2","5","1","3","0","4",NA,"1434","1434","47291",NA,"0.82","0.70"
"1701294604427","order","0","8","5","5","5","5","5","5","14","8","13","7","26","13","188","258","178","251","173","255","0","1","0","0","3","2",NA,"686","686","53795",NA,"-0.72","-0.70"
"1701294604427","order","0","9","5","5","5","5","5","5","13","23","13","14","11","5","339","70","133","208","251","222","2","3","0","0","1","0",NA,"660","660","71394",NA,"-0.58","-0.70"
"1701294695703","complete","0","1","5","5","5","5","5","5","20","24","13","26","13","6","136","306","211","225","221","236","3","4","1","5","2","0",NA,"1099","1124","45269",NA,"0.12","0.00"
"1701294695703","complete","0","2","5","5","5","5","5","5","12","11","25","17","6","11","168","189","295","242","186","244","0","0","3","0","1","2",NA,"725","970","22193",NA,"0.82","0.70"
"1701294695703","complete","0","3","5","5","5","5","5","5","16","10","5","13","22","14","220","284","238","239","146","197","3","2","1","0","4","0",NA,"888","889","26416",NA,"-0.77","-0.70"
"1701294695703","complete","0","4","5","5","5","5","5","5","11","17","29","20","6","5","180","108","50","191","219","226","2","3","5","4","0","1",NA,"755","755","35405",NA,"-0.87","-0.70"
"1701294695703","complete","0","5","5","5","5","5","5","5","7","14","15","20","14","12","309","236","188","285","284","144","1","0","3","4","2","0",NA,"1066","1066","27744",NA,"-0.05","0.00"
"1701294695703","complete","0","6","5","5","5","5","5","5","12","8","28","7","19","14","372","236","222","185","255","210","2","1","4","0","3","0",NA,"1085","1085","25742",NA,"-0.02","0.00"
"1701294695703","complete","0","7","5","5","5","5","5","5","17","6","30","7","7","21","316","50","353","301","101","286","2","0","4","0","1","3",NA,"1056","1256","18462",NA,"0.72","0.70"
"1701294695703","complete","0","8","5","5","5","5","5","5","13","18","11","17","29","7","224","174","192","262","336","159","2","0","1","3","4","0",NA,"1014","1014","36996",NA,"0.85","0.70"
"1701294695703","complete","0","9","5","5","5","5","5","5","15","6","11","21","22","16","185","232","192","151","188","207","3","1","2","4","0","0",NA,"760","819","28368",NA,"-0.77","-0.70"
"1701295144929","complete","0","1","5","5","5","5","5","5","11","8","6","7","17","27","356","201","288","212","336","243","1","0","0","0","2","3",NA,"935","1223","9467",NA,"0.11","0.00"
"1701295144929","complete","0","2","5","5","5","5","5","5","6","13","15","16","16","15","54","287","322","232","179","243","0","2","1","0","0","3",NA,"852","852","9837",NA,"0.73","0.70"
"1701295144929","complete","0","3","5","5","5","5","5","5","7","28","14","20","13","6","310","224","206","229","182","365","1","3","0","2","0","0",NA,"763","1024","5871",NA,"-0.61","-0.70"
"1701295144929","complete","0","4","5","5","5","5","5","5","24","11","27","11","5","11","289","241","197","317","208","285","1","0","3","2","0","0",NA,"803","1088","6703",NA,"-0.11","0.00"
"1701295144929","complete","0","5","5","5","5","5","5","5","17","27","10","19","6","12","232","393","202","274","203","159","3","1","0","2","0","0",NA,"899","1102","6849",NA,"0.88","0.70"
"1701295144929","complete","0","6","5","5","5","5","5","5","21","15","11","11","21","26","156","218","275","261","239","167","0","0","1","2","3","4",NA,"942","1160","6309",NA,"-0.82","-0.70"
"1701295144929","complete","0","7","5","5","5","5","5","5","18","15","27","11","21","6","205","115","312","245","264","147","3","0","4","1","2","0",NA,"1026","1173","8308",NA,"0.70","0.70"
"1701295144929","complete","0","8","5","5","5","5","5","5","13","20","19","16","30","7","216","222","266","182","133","361","1","2","3","0","4","0",NA,"837","1198","5688",NA,"-0.80","-0.70"
"1701295144929","complete","0","9","5","5","5","5","5","5","14","5","9","21","22","7","213","254","126","252","115","110","0","0","1","2","3","0",NA,"493","834","3956",NA,"0.03","0.00"
"1701295170193","complete","0","1","5","5","5","5","5","5","13","7","13","15","22","9","253","104","273","301","231","182","1","0","2","3","4","0",NA,"1058","1058","14039",NA,"0.59","0.70"
"1701295170193","complete","0","2","5","5","5","5","5","5","17","25","14","5","9","19","274","139","222","314","273","167","3","4","2","1","0","0",NA,"949","949","15733",NA,"-0.89","-0.70"
"1701295170193","complete","0","3","5","5","5","5","5","5","23","7","29","17","15","8","234","145","340","141","189","171","4","1","5","3","2","0",NA,"1049","1075","11924",NA,"0.85","0.70"
"1701295170193","complete","0","4","5","5","5","5","5","5","12","27","19","5","6","7","266","104","221","214","323","303","2","4","3","1","0","0",NA,"805","914","9847",NA,"-0.81","-0.70"
"1701295170193","complete","0","5","5","5","5","5","5","5","22","10","10","7","26","23","303","307","206","103","188","98","3","0","2","1","5","4",NA,"898","1102","10932",NA,"-0.01","0.00"
"1701295170193","complete","0","6","5","5","5","5","5","5","26","20","6","7","6","16","234","204","151","109","187","133","4","3","0","0","1","2",NA,"758","758","17809",NA,"0.67","0.70"
"1701295170193","complete","0","7","5","5","5","5","5","5","10","25","22","13","5","21","265","149","101","175","226","164","2","5","4","0","1","3",NA,"905","905","14972",NA,"-0.81","-0.70"
"1701295170193","complete","0","8","5","5","5","5","5","5","15","6","27","20","11","10","309","305","318","153","174","219","3","1","5","4","0","2",NA,"1304","1304","18323",NA,"0.10","0.00"
"1701295170193","complete","0","9","5","5","5","5","5","5","17","16","26","14","12","15","229","283","195","242","151","114","0","0","4","2","1","3",NA,"702","949","26781",NA,"0.11","0.00"
"1701295249386","order","0","1","5","5","5","5","5","5","18","10","15","5","26","22","252","50","204","219","157","207","0","2","3","0","1","4",NA,"618","1039","59184",NA,"0.15","0.00"
"1701295249386","order","0","2","5","5","5","5","5","5","12","13","22","6","19","26","204","179","132","265","260","141","0","1","2","0","3","4",NA,"712","1002","33885",NA,"-0.67","-0.70"
"1701295249386","order","0","3","5","5","5","5","5","5","20","13","13","17","5","13","112","263","159","326","137","216","4","0","2","3","1","0",NA,"734","917","63810",NA,"0.19","0.00"
"1701295249386","order","0","4","5","5","5","5","5","5","25","6","14","14","25","13","205","311","227","187","157","193","1","0","0","2","3","0",NA,"549","900","12184",NA,"-0.74","-0.70"
"1701295249386","order","0","5","5","5","5","5","5","5","25","7","12","19","29","13","262","96","216","259","304","102","1","0","2","3","4","0",NA,"1041","1143","11925",NA,"0.87","0.70"
"1701295249386","order","0","6","5","5","5","5","5","5","11","10","13","9","30","12","328","402","169","320","130","321","1","0","2","0","3","0",NA,"627","860","40945",NA,"-0.77","-0.70"
"1701295249386","order","0","7","5","5","5","5","5","5","10","15","6","13","25","10","207","238","197","328","306","210","2","1","0","0","3","0",NA,"751","1082","50863",NA,"0.69","0.70"
"1701295249386","order","0","8","5","5","5","5","5","5","8","16","14","9","21","21","249","266","266","167","306","129","0","0","2","0","1","3",NA,"701","1087","28757",NA,"0.05","0.00"
"1701295249386","order","0","9","5","5","5","5","5","5","6","22","6","8","15","18","261","304","264","162","362","341","0","2","0","0","1","3",NA,"1007","1271","19394",NA,"0.63","0.70"
"1701295344563","complete","0","1","5","5","5","5","5","5","6","27","15","7","16","22","179","204","222","238","184","231","1","5","2","0","3","4",NA,"1020","1079","26576",NA,"0.10","0.00"
"1701295344563","complete","0","2","5","5","5","5","5","5","17","23","7","26","13","7","263","188","244","168","221","227","3","4","1","5","2","0",NA,"1084","1084","12987",NA,"-0.70","-0.70"
"1701295344563","complete","0","3","5","5","5","5","5","5","7","23","19","8","8","12","314","322","225","336","241","211","0","4","3","1","0","2",NA,"1094","1094","14500",NA,"-0.07","0.00"
"1701295344563","complete","0","4","5","5","5","5","5","5","23","5","22","28","15","12","229","205","204","272","215","333","0","1","4","5","3","2",NA,"1229","1254","13736",NA,"0.05","0.00"
"1701295344563","complete","0","5","5","5","5","5","5","5","5","8","19","14","18","12","156","151","366","195","277","220","1","0","3","0","0","2",NA,"742","863","10272",NA,"0.89","0.70"
"1701295344563","complete","0","6","5","5","5","5","5","5","8","25","11","16","15","29","262","291","165","235","258","463","1","4","2","0","3","5",NA,"1439","1509","19118",NA,"0.80","0.70"
"1701295344563","complete","0","7","5","5","5","5","5","5","18","5","28","11","11","8","152","319","210","318","206","260","3","1","4","2","0","0",NA,"999","999","8815",NA,"-0.62","-0.70"
"1701295344563","complete","0","8","5","5","5","5","5","5","6","26","7","26","16","7","198","389","111","368","174","228","0","3","0","4","2","1",NA,"1159","1159","15094",NA,"0.85","0.70"
"1701295344563","complete","0","9","5","5","5","5","5","5","26","10","12","19","12","20","50","204","263","215","303","127","5","0","2","3","1","4",NA,"958","958","20965",NA,"-0.85","-0.70"
"1701295435020","order","0","1","5","5","5","5","5","5","8","13","22","19","12","23","204","128","340","383","100","323","0","2","1","3","0","4",NA,"1174","1250","79176",NA,"0.78","0.70"
"1701295435020","order","0","2","5","5","5","5","5","5","11","7","16","18","16","24","230","170","298","182","222","381","0","0","2","1","3","4",NA,"1083","1131","68715",NA,"0.74","0.70"
"1701295435020","order","0","3","5","5","5","5","5","5","7","20","16","9","29","9","176","93","170","256","150","161","0","3","1","0","2","0",NA,"413","669","37101",NA,"-0.53","-0.70"
"1701295435020","order","0","4","5","5","5","5","5","5","9","20","7","7","18","27","207","204","158","114","238","306","1","2","0","0","3","4",NA,"955","955","28057",NA,"0.88","0.70"
"1701295435020","order","0","5","5","5","5","5","5","5","24","15","9","14","7","20","56","293","224","195","286","159","1","2","0","0","0","3",NA,"508","933","52919",NA,"-0.82","-0.70"
"1701295435020","order","0","6","5","5","5","5","5","5","7","25","16","24","11","6","211","178","158","140","263","82","0","1","2","3","0","0",NA,"476","950","28180",NA,"-0.04","0.00"
"1701295435020","order","0","7","5","5","5","5","5","5","29","5","7","10","12","25","221","144","277","123","281","190","1","0","0","0","2","3",NA,"692","969","45484",NA,"0.09","0.00"
"1701295435020","order","0","8","5","5","5","5","5","5","5","24","21","11","17","23","263","143","115","284","175","170","0","1","2","0","3","4",NA,"603","892","18911",NA,"-0.87","-0.70"
"1701295435020","order","0","9","5","5","5","5","5","5","9","21","17","6","20","10","282","134","271","175","301","220","0","1","2","0","3","0",NA,"706","1074","42244",NA,"0.05","0.00"
"1701295782212","order","0","1","5","5","5","5","5","5","19","6","19","12","11","29","229","329","177","220","224","234","0","0","2","0","0","1",NA,"411","1016","46966",NA,"-0.51","-0.70"
"1701295782212","order","0","2","5","5","5","5","5","5","14","11","21","20","22","8","296","235","288","180","259","87","0","0","2","0","0","1",NA,"375","1078","95332",NA,"0.54","0.70"
"1701295782212","order","0","3","5","5","5","5","5","5","19","22","7","17","16","8","305","197","301","207","302","205","1","0","0","0","2","0",NA,"607","1105","87542",NA,"-0.17","0.00"
"1701295782212","order","0","4","5","5","5","5","5","5","12","12","12","21","9","13","189","298","215","335","143","337","0","2","0","0","0","1",NA,"635","970","61533",NA,"0.69","0.70"
"1701295782212","order","0","5","5","5","5","5","5","5","6","8","20","20","10","29","176","107","204","219","224","308","0","0","0","2","1","0",NA,"443","1131","31997",NA,"0.80","0.70"
"1701295782212","order","0","6","5","5","5","5","5","5","14","24","13","7","17","24","394","176","151","264","316","346","0","0","2","0","1","0",NA,"467","1320","42743",NA,"0.02","0.00"
"1701295782212","order","0","7","5","5","5","5","5","5","17","17","6","26","11","28","373","174","196","239","338","241","2","0","0","0","1","0",NA,"711","1387","55423",NA,"-0.05","0.00"
"1701295782212","order","0","8","5","5","5","5","5","5","5","14","18","9","15","30","293","277","207","197","279","183","0","1","0","0","2","0",NA,"556","1032","106931",NA,"-0.60","-0.70"
"1701295782212","order","0","9","5","5","5","5","5","5","28","17","6","10","10","17","131","215","331","227","232","119","0","0","1","0","2","0",NA,"563","909","184183",NA,"-0.82","-0.70"
"1701296087236","order","0","1","5","5","5","5","5","5","29","9","11","9","8","12","479","103","317","315","126","233","3","0","2","1","0","0",NA,"1111","1111","40262",NA,"0.81","0.70"
"1701296087236","order","0","2","5","5","5","5","5","5","7","9","27","20","15","10","195","325","50","194","224","113","0","1","4","3","2","0",NA,"793","906","88204",NA,"-0.59","-0.70"
"1701296087236","order","0","3","5","5","5","5","5","5","24","12","22","7","23","14","113","194","281","220","234","190","0","2","3","1","4","0",NA,"929","929","24383",NA,"-0.07","0.00"
"1701296087236","order","0","4","5","5","5","5","5","5","9","6","17","29","12","18","203","102","300","133","242","178","1","0","3","4","2","0",NA,"878","878","22365",NA,"-0.02","0.00"
"1701296087236","order","0","5","5","5","5","5","5","5","29","7","18","14","20","8","235","126","269","259","302","184","5","0","3","2","4","1",NA,"1249","1249","16727",NA,"0.64","0.70"
"1701296087236","order","0","6","5","5","5","5","5","5","14","22","13","13","16","18","402","299","149","289","226","200","2","4","0","1","3","0",NA,"1216","1216","13413",NA,"0.05","0.00"
"1701296087236","order","0","7","5","5","5","5","5","5","24","17","9","6","11","9","120","172","181","244","264","236","4","3","0","1","2","0",NA,"800","800","77854",NA,"-0.82","-0.70"
"1701296087236","order","0","8","5","5","5","5","5","5","26","23","11","7","10","16","228","131","300","299","268","263","5","4","2","1","0","3",NA,"1221","1221","16874",NA,"-0.77","-0.70"
"1701296087236","order","0","9","5","5","5","5","5","5","27","10","22","9","10","15","322","210","157","174","118","256","5","2","4","1","0","3",NA,"1119","1119","13393",NA,"0.61","0.70"
"1701297757967","complete","0","1","5","5","5","5","5","5","20","9","15","19","20","9","219","137","126","194","213","277","1","0","2","3","4","0",NA,"752","903","14066",NA,"0.04","0.00"
"1701297757967","complete","0","2","5","5","5","5","5","5","13","18","17","23","15","13","69","109","269","306","211","141","1","2","3","4","0","0",NA,"753","927","9620",NA,"0.70","0.70"
"1701297757967","complete","0","3","5","5","5","5","5","5","8","25","19","21","9","14","266","326","270","125","205","128","0","1","2","3","0","0",NA,"721","1115","10819",NA,"0.20","0.00"
"1701297757967","complete","0","4","5","5","5","5","5","5","14","16","23","12","9","30","214","261","313","200","125","254","1","2","3","0","0","4",NA,"1042","1242","11852",NA,"0.73","0.70"
"1701297757967","complete","0","5","5","5","5","5","5","5","12","6","11","18","23","12","288","278","338","247","164","201","2","0","1","3","4","0",NA,"1037","1037","12859",NA,"-0.67","-0.70"
"1701297757967","complete","0","6","5","5","5","5","5","5","9","27","12","11","16","17","226","294","267","243","263","281","1","2","0","0","3","0",NA,"783","1105","9581",NA,"0.87","0.70"
"1701297757967","complete","0","7","5","5","5","5","5","5","12","23","19","8","10","23","209","199","169","330","267","192","1","2","3","0","0","4",NA,"769","988","17955",NA,"-0.80","-0.70"
"1701297757967","complete","0","8","5","5","5","5","5","5","23","22","10","9","28","12","238","156","79","263","163","172","1","2","0","0","3","0",NA,"557","992","19356",NA,"0.05","0.00"
"1701297757967","complete","0","9","5","5","5","5","5","5","20","26","12","7","25","10","80","136","220","440","224","343","1","2","0","0","3","0",NA,"440","1223","7644",NA,"-0.78","-0.70"
"1701298134924","complete","0","1","5","5","5","5","5","5","9","14","17","30","14","12","157","102","153","79","154","203","0","0","3","4","2","1",NA,"589","592","11297",NA,"-0.72","-0.70"
"1701298134924","complete","0","2","5","5","5","5","5","5","15","7","21","21","10","16","220","124","152","178","272","187","2","0","0","4","1","3",NA,"857","857","7170",NA,"-0.12","0.00"
"1701298134924","complete","0","3","5","5","5","5","5","5","5","17","17","9","7","26","263","219","283","286","283","398","0","0","3","1","0","2",NA,"967","1186","5211",NA,"0.58","0.70"
"1701298134924","complete","0","4","5","5","5","5","5","5","24","17","10","17","23","9","258","440","180","144","316","356","3","1","0","0","2","0",NA,"1014","1370","6358",NA,"0.05","0.00"
"1701298134924","complete","0","5","5","5","5","5","5","5","28","10","10","5","18","19","334","205","160","246","331","213","2","0","0","0","1","3",NA,"878","1124","4460",NA,"0.65","0.70"
"1701298134924","complete","0","6","5","5","5","5","5","5","21","7","15","12","17","29","180","283","189","243","206","188","4","0","3","1","2","5",NA,"1006","1100","8040",NA,"-0.80","-0.70"
"1701298134924","complete","0","7","5","5","5","5","5","5","10","22","9","15","17","28","354","195","195","135","348","330","1","4","0","0","3","2",NA,"1227","1422","4622",NA,"0.16","0.00"
"1701298134924","complete","0","8","5","5","5","5","5","5","17","13","8","6","20","13","202","195","379","268","199","147","2","0","1","0","3","0",NA,"780","975","3534",NA,"-0.62","-0.70"
"1701298134924","complete","0","9","5","5","5","5","5","5","29","13","12","14","26","6","282","238","247","273","273","184","3","0","2","0","1","0",NA,"802","1075","4256",NA,"0.81","0.70"
"1701298582765","complete","0","1","5","5","5","5","5","5","17","27","7","10","19","13","285","265","134","180","227","230","3","1","0","0","2","0",NA,"777","1007","19455",NA,"0.79","0.70"
"1701298582765","complete","0","2","5","5","5","5","5","5","8","28","12","20","7","25","93","238","245","106","216","125","1","3","0","2","0","4",NA,"562","930","25749",NA,"0.02","0.00"
"1701298582765","complete","0","3","5","5","5","5","5","5","12","20","11","18","30","5","248","179","283","152","173","323","2","4","1","0","3","0",NA,"883","1110","15753",NA,"-0.84","-0.70"
"1701298582765","complete","0","4","5","5","5","5","5","5","9","13","8","20","7","26","165","328","226","240","208","379","0","1","0","3","0","2",NA,"947","1173","7636",NA,"0.75","0.70"
"1701298582765","complete","0","5","5","5","5","5","5","5","14","10","5","19","7","22","316","250","146","203","195","417","1","0","0","3","0","2",NA,"936","1186","8079",NA,"0.74","0.70"
"1701298582765","complete","0","6","5","5","5","5","5","5","16","5","6","25","18","23","144","235","303","145","218","119","2","1","0","5","3","4",NA,"861","929","30896",NA,"-0.83","-0.70"
"1701298582765","complete","0","7","5","5","5","5","5","5","24","5","28","6","14","6","218","334","249","170","312","134","3","1","4","0","2","0",NA,"1113","1113","11330",NA,"0.12","0.00"
"1701298582765","complete","0","8","5","5","5","5","5","5","21","18","15","27","8","10","282","354","206","81","182","210","4","3","0","5","1","2",NA,"1109","1133","14674",NA,"-0.17","0.00"
"1701298582765","complete","0","9","5","5","5","5","5","5","6","13","26","9","17","26","281","349","138","318","308","168","1","2","5","0","3","4",NA,"1244","1281","15604",NA,"-0.81","-0.70"
"1701301645980","complete","0","1","5","5","5","5","5","5","8","19","15","18","19","26","375","235","174","344","298","50","1","0","0","2","3","4",NA,"1067","1067","12650",NA,"-0.73","-0.70"
"1701301645980","complete","0","2","5","5","5","5","5","5","16","19","15","11","6","10","136","187","271","186","110","278","0","3","2","0","0","1",NA,"736","736","10045",NA,"0.18","0.00"
"1701301645980","complete","0","3","5","5","5","5","5","5","11","16","21","10","28","14","220","286","143","322","105","237","0","2","3","1","0","0",NA,"751","1093","10190",NA,"-0.86","-0.70"
"1701301645980","complete","0","4","5","5","5","5","5","5","20","8","14","26","21","10","288","176","263","314","336","66","3","0","0","2","1","0",NA,"938","1377","12664",NA,"0.82","0.70"
"1701301645980","complete","0","5","5","5","5","5","5","5","16","11","17","23","9","23","294","250","197","204","334","396","2","0","0","3","0","1",NA,"894","1274","11303",NA,"-0.01","0.00"
"1701301645980","complete","0","6","5","5","5","5","5","5","12","19","17","28","20","7","202","277","162","130","238","266","0","2","3","0","1","0",NA,"677","1113","10076",NA,"-0.56","-0.70"
"1701301645980","complete","0","7","5","5","5","5","5","5","10","13","24","9","29","15","269","238","247","168","321","279","2","0","4","0","1","3",NA,"1116","1354","12200",NA,"0.66","0.70"
"1701301645980","complete","0","8","5","5","5","5","5","5","8","19","17","17","21","10","185","333","130","157","119","270","0","1","0","3","4","2",NA,"879","907","17602",NA,"-0.19","0.00"
"1701301645980","complete","0","9","5","5","5","5","5","5","16","13","6","27","23","6","237","270","227","256","265","185","0","2","0","1","3","0",NA,"791","1255","6977",NA,"0.69","0.70"
"1701302868474","complete","0","1","5","5","5","5","5","5","9","25","14","22","16","14","192","344","236","376","270","177","0","2","0","1","3","0",NA,"990","1418","27557",NA,"0.90","0.70"
"1701302868474","complete","0","2","5","5","5","5","5","5","10","21","25","22","14","7","343","246","237","153","385","139","1","3","4","0","2","0",NA,"1211","1364","26302",NA,"-0.15","0.00"
"1701302868474","complete","0","3","5","5","5","5","5","5","15","14","27","14","7","8","259","152","282","251","71","263","3","0","4","2","0","1",NA,"1055","1055","19147",NA,"0.55","0.70"
"1701302868474","complete","0","4","5","5","5","5","5","5","10","19","7","27","18","22","296","314","350","119","247","169","2","0","1","5","3","4",NA,"1181","1248","24903",NA,"-0.87","-0.70"
"1701302868474","complete","0","5","5","5","5","5","5","5","19","8","16","14","14","16","279","120","205","233","283","249","3","0","0","0","1","2",NA,"811","811","19039",NA,"0.81","0.70"
"1701302868474","complete","0","6","5","5","5","5","5","5","25","20","15","20","6","5","215","251","232","273","336","269","5","4","2","3","0","1",NA,"1240","1307","25260",NA,"-0.70","-0.70"
"1701302868474","complete","0","7","5","5","5","5","5","5","17","13","23","22","11","13","336","213","228","203","234","252","3","0","0","4","1","2",NA,"1025","1050","16432",NA,"-0.12","0.00"
"1701302868474","complete","0","8","5","5","5","5","5","5","10","17","20","26","17","10","268","198","132","179","310","344","2","0","0","4","3","1",NA,"1101","1233","20190",NA,"-0.72","-0.70"
"1701302868474","complete","0","9","5","5","5","5","5","5","20","9","11","11","26","16","304","233","267","132","201","149","3","1","2","0","4","0",NA,"1005","1154","16621",NA,"0.11","0.00"
"1702330405303","complete","0","1","5","5","5","5","5","5","6","16","12","29","11","19","160","159","222","254","186","304","1","0","2","3","0","0",NA,"636","966","17212",NA,"0.63","0.70"
"1702330405303","complete","0","2","5","5","5","5","5","5","27","10","11","14","29","8","223","52","155","343","206","278","3","1","2","0","4","0",NA,"636","1050","59946",NA,"0.11","0.00"
"1702330405303","complete","0","3","5","5","5","5","5","5","6","11","9","16","17","27","50","310","121","231","224","257","0","1","0","3","0","2",NA,"798","1022","8875",NA,"0.60","0.70"
"1702330405303","complete","0","4","5","5","5","5","5","5","12","10","22","28","6","12","333","198","94","159","325","171","2","0","1","3","0","0",NA,"586","911","11076",NA,"-0.68","-0.70"
"1702330405303","complete","0","5","5","5","5","5","5","5","9","12","11","10","25","23","50","280","205","203","189","197","0","2","0","0","3","1",NA,"666","871","5700",NA,"0.19","0.00"
"1702330405303","complete","0","6","5","5","5","5","5","5","15","12","28","14","13","17","252","225","270","166","372","249","0","2","1","0","0","3",NA,"744","1143","7751",NA,"0.06","0.00"
"1702330405303","complete","0","7","5","5","5","5","5","5","19","26","12","24","10","12","341","246","294","368","191","224","2","3","0","1","0","0",NA,"955","1473","9982",NA,"0.54","0.70"
"1702330405303","complete","0","8","5","5","5","5","5","5","18","25","13","16","14","15","197","205","313","189","243","334","0","2","0","3","0","1",NA,"728","1095","6507",NA,"-0.55","-0.70"
"1702330405303","complete","0","9","5","5","5","5","5","5","21","27","23","7","8","19","116","262","191","376","356","254","4","1","2","0","0","3",NA,"823","1199","7068",NA,"-0.75","-0.70"
"1702332762210","order","0","1","5","5","5","5","5","5","12","19","14","16","8","11","247","260","185","295","126","250","0","3","0","2","0","1",NA,"805","805","38055",NA,"0.67","0.70"
"1702332762210","order","0","2","5","5","5","5","5","5","17","10","11","19","8","14","294","187","338","224","250","283","3","0","1","0","0","2",NA,"915","915","28475",NA,"0.05","0.00"
"1702332762210","order","0","3","5","5","5","5","5","5","14","16","22","10","15","21","232","300","202","368","186","201","2","3","4","1","0","0",NA,"1102","1102","26298",NA,"-0.71","-0.70"
"1702332762210","order","0","4","5","5","5","5","5","5","12","18","27","14","17","6","276","235","178","310","202","261","1","3","4","2","0","0",NA,"999","999","24091",NA,"-0.71","-0.70"
"1702332762210","order","0","5","5","5","5","5","5","5","16","11","24","14","27","7","299","159","341","167","288","211","3","0","4","2","5","1",NA,"1306","1306","16734",NA,"0.74","0.70"
"1702332762210","order","0","6","5","5","5","5","5","5","8","28","18","22","11","10","253","294","126","199","329","188","1","4","0","3","2","0",NA,"1075","1201","19219",NA,"-0.02","0.00"
"1702332762210","order","0","7","5","5","5","5","5","5","13","8","12","19","24","13","137","303","151","297","212","155","0","1","0","3","4","2",NA,"967","967","20263",NA,"0.07","0.00"
"1702332762210","order","0","8","5","5","5","5","5","5","9","8","26","18","9","22","249","301","91","252","214","185","0","1","4","2","0","3",NA,"829","829","20207",NA,"-0.81","-0.70"
"1702332762210","order","0","9","5","5","5","5","5","5","11","14","14","13","26","6","199","249","205","159","353","218","0","2","0","0","3","1",NA,"820","820","20337",NA,"0.79","0.70"
"1702332775566","order","0","1","5","5","5","5","5","5","8","27","12","9","13","16","63","311","147","82","153","53","0","3","0","1","2","0",NA,"546","664","44386",NA,"0.84","0.70"
"1702332775566","order","0","2","5","5","5","5","5","5","7","9","9","26","9","20","182","258","215","258","134","300","0","1","0","3","0","2",NA,"816","816","21731",NA,"0.64","0.70"
"1702332775566","order","0","3","5","5","5","5","5","5","19","17","16","9","27","12","309","156","179","167","182","263","2","0","0","0","3","1",NA,"754","933","31247",NA,"0.01","0.00"
"1702332775566","order","0","4","5","5","5","5","5","5","27","18","15","15","5","17","226","243","183","319","491","181","4","3","0","2","1","0",NA,"1279","1279","28536",NA,"-0.73","-0.70"
"1702332775566","order","0","5","5","5","5","5","5","5","21","10","7","8","26","21","55","317","283","289","384","225","0","2","0","1","4","3",NA,"1215","1270","38797",NA,"-0.16","0.00"
"1702332775566","order","0","6","5","5","5","5","5","5","14","28","23","6","16","7","219","193","187","220","200","191","2","5","4","1","3","0",NA,"1019","1019","23054",NA,"-0.52","-0.70"
"1702332775566","order","0","7","5","5","5","5","5","5","11","17","14","20","9","11","341","161","73","80","315","140","2","3","0","4","1","0",NA,"897","897","26641",NA,"-0.69","-0.70"
"1702332775566","order","0","8","5","5","5","5","5","5","9","18","12","12","24","15","265","324","267","129","182","203","1","3","2","0","4","0",NA,"1038","1038","42933",NA,"-0.09","0.00"
"1702332775566","order","0","9","5","5","5","5","5","5","17","11","24","14","13","8","229","95","332","290","282","227","3","0","4","2","0","1",NA,"1078","1133","29225",NA,"0.59","0.70"
"1702332779915","complete","0","1","5","5","5","5","5","5","15","30","18","13","13","5","338","356","237","291","172","228","2","1","3","0","0","0",NA,"931","1222","29453",NA,"0.61","0.70"
"1702332779915","complete","0","2","5","5","5","5","5","5","14","10","22","13","25","12","50","207","283","173","396","215","0","0","2","0","1","0",NA,"679","1101","23380",NA,"0.73","0.70"
"1702332779915","complete","0","3","5","5","5","5","5","5","21","29","7","20","16","10","144","191","284","145","243","274","0","3","0","4","2","1",NA,"853","1137","33868",NA,"-0.77","-0.70"
"1702332779915","complete","0","4","5","5","5","5","5","5","12","15","25","7","23","21","115","442","287","343","190","289","0","1","3","0","4","2",NA,"1208","1551","16289",NA,"-0.14","0.00"
"1702332779915","complete","0","5","5","5","5","5","5","5","13","5","13","19","8","20","100","176","132","196","262","181","0","0","0","2","1","3",NA,"639","771","11943",NA,"-0.17","0.00"
"1702332779915","complete","0","6","5","5","5","5","5","5","7","27","16","18","19","18","296","196","192","188","180","114","1","2","3","0","0","0",NA,"684","872","13346",NA,"-0.59","-0.70"
"1702332779915","complete","0","7","5","5","5","5","5","5","12","12","13","28","15","9","70","123","200","290","313","392","0","0","0","1","2","0",NA,"603","1195","17637",NA,"0.16","0.00"
"1702332779915","complete","0","8","5","5","5","5","5","5","9","12","9","29","6","24","184","248","250","221","280","179","0","2","0","3","1","4",NA,"928","928","10235",NA,"-0.50","-0.70"
"1702332779915","complete","0","9","5","5","5","5","5","5","19","9","12","12","29","13","211","201","212","263","360","194","2","0","0","0","1","0",NA,"571","1046","21538",NA,"0.82","0.70"
"1702332783292","order","0","1","5","5","5","5","5","5","13","24","8","19","10","19","183","369","218","326","274","228","0","4","1","3","2","0",NA,"1187","1197","37714",NA,"0.68","0.70"
"1702332783292","order","0","2","5","5","5","5","5","5","15","7","28","11","21","23","237","348","161","289","273","222","3","1","5","2","4","0",NA,"1308","1308","16268",NA,"-0.90","-0.70"
"1702332783292","order","0","3","5","5","5","5","5","5","6","19","9","20","15","29","277","305","350","115","114","313","0","2","1","0","0","3",NA,"968","1197","59620",NA,"-0.09","0.00"
"1702332783292","order","0","4","5","5","5","5","5","5","10","14","16","14","8","29","206","171","202","143","87","284","1","2","3","0","0","4",NA,"863","863","21975",NA,"0.83","0.70"
"1702332783292","order","0","5","5","5","5","5","5","5","28","6","18","13","17","13","391","237","231","215","224","256","4","1","0","0","3","2",NA,"1108","1115","22534",NA,"0.77","0.70"
"1702332783292","order","0","6","5","5","5","5","5","5","9","14","26","24","23","7","141","273","153","167","336","271","0","2","0","4","3","1",NA,"1047","1200","14073",NA,"-0.10","0.00"
"1702332783292","order","0","7","5","5","5","5","5","5","7","28","21","14","21","10","431","70","280","197","277","295","1","0","3","0","4","2",NA,"1283","1353","18160",NA,"-0.79","-0.70"
"1702332783292","order","0","8","5","5","5","5","5","5","7","18","15","24","14","24","291","248","142","157","183","76","1","3","0","4","2","0",NA,"879","879","18105",NA,"-0.74","-0.70"
"1702332783292","order","0","9","5","5","5","5","5","5","7","24","12","28","5","17","179","285","163","211","283","266","0","4","0","3","1","2",NA,"1045","1208","13177",NA,"0.16","0.00"
"1702332784078","order","0","1","5","5","5","5","5","5","30","9","10","20","12","17","112","214","149","150","221","194","5","1","2","4","0","3",NA,"819","891","19961",NA,"-0.74","-0.70"
"1702332784078","order","0","2","5","5","5","5","5","5","20","7","24","15","16","14","154","201","167","178","144","218","4","1","0","3","0","2",NA,"751","764","27042",NA,"-0.58","-0.70"
"1702332784078","order","0","3","5","5","5","5","5","5","25","8","10","21","9","17","110","127","285","252","150","102","5","1","2","4","0","3",NA,"876","899","16082",NA,"-0.14","0.00"
"1702332784078","order","0","4","5","5","5","5","5","5","8","27","23","7","10","25","227","221","202","181","150","284","1","3","4","0","2","5",NA,"1084","1084","17427",NA,"0.57","0.70"
"1702332784078","order","0","5","5","5","5","5","5","5","12","12","14","17","15","7","63","252","269","295","241","131","0","2","0","3","0","1",NA,"678","816","26363",NA,"0.67","0.70"
"1702332784078","order","0","6","5","5","5","5","5","5","29","10","11","6","19","15","117","243","353","257","242","229","4","0","2","1","0","3",NA,"956","969","25468",NA,"-0.76","-0.70"
"1702332784078","order","0","7","5","5","5","5","5","5","26","5","9","17","23","23","200","88","177","272","170","255","5","0","1","2","4","3",NA,"1074","1074","13664",NA,"0.60","0.70"
"1702332784078","order","0","8","5","5","5","5","5","5","18","29","17","10","8","17","148","216","269","235","233","89","0","4","3","2","1","0",NA,"953","953","14665",NA,"-0.16","0.00"
"1702332784078","order","0","9","5","5","5","5","5","5","9","12","22","24","15","13","170","147","149","212","306","181","1","2","4","0","3","0",NA,"772","869","20908",NA,"0.09","0.00"
"1702332785147","order","0","1","5","5","5","5","5","5","23","28","12","9","18","10","183","147","264","247","305","254","4","5","2","0","3","1",NA,"1153","1153","87249",NA,"-0.72","-0.70"
"1702332785147","order","0","2","5","5","5","5","5","5","25","21","10","18","16","7","286","221","245","284","209","97","5","4","1","3","2","0",NA,"1245","1245","44454",NA,"0.72","0.70"
"1702332785147","order","0","3","5","5","5","5","5","5","17","26","12","8","17","23","118","189","69","286","220","196","2","5","0","1","3","4",NA,"1009","1009","43854",NA,"-0.09","0.00"
"1702332785147","order","0","4","5","5","5","5","5","5","25","6","27","20","11","15","288","171","278","225","159","144","4","1","5","3","2","0",NA,"1121","1121","58593",NA,"0.87","0.70"
"1702332785147","order","0","5","5","5","5","5","5","5","19","16","9","13","11","23","208","288","329","203","176","238","0","3","1","2","0","4",NA,"1058","1063","133146",NA,"-0.20","0.00"
"1702332785147","order","0","6","5","5","5","5","5","5","10","10","18","22","14","15","155","173","164","211","174","157","0","1","3","4","2","0",NA,"722","722","160109",NA,"0.68","0.70"
"1702332785147","order","0","7","5","5","5","5","5","5","25","6","5","21","16","23","272","335","362","275","264","283","5","0","1","3","2","4",NA,"1456","1456","51174",NA,"-0.88","-0.70"
"1702332785147","order","0","8","5","5","5","5","5","5","14","8","11","9","9","28","353","62","331","217","136","203","2","0","0","1","0","3",NA,"773","887","92582",NA,"0.19","0.00"
"1702332785147","order","0","9","5","5","5","5","5","5","7","23","16","12","17","23","312","193","230","255","267","255","1","0","0","2","3","4",NA,"1089","1089","38016",NA,"-0.75","-0.70"
"1702332787539","order","0","1","5","5","5","5","5","5","8","17","15","20","16","19","232","125","296","208","211","282","0","0","1","0","0","2",NA,"578","1018","62547",NA,"-0.09","0.00"
"1702332787539","order","0","2","5","5","5","5","5","5","21","10","6","15","11","28","322","209","222","384","227","317","2","0","0","1","0","3",NA,"1023","1472","53989",NA,"0.64","0.70"
"1702332787539","order","0","3","5","5","5","5","5","5","14","17","16","5","12","21","224","260","232","359","367","105","0","3","0","1","2","0",NA,"986","1091","54250",NA,"-0.85","-0.70"
"1702332787539","order","0","4","5","5","5","5","5","5","15","9","6","13","17","22","184","186","173","124","205","252","2","0","0","1","3","4",NA,"765","827","37527",NA,"0.63","0.70"
"1702332787539","order","0","5","5","5","5","5","5","5","10","19","15","18","15","21","225","177","222","98","208","121","1","0","2","0","3","0",NA,"655","776","51973",NA,"-0.76","-0.70"
"1702332787539","order","0","6","5","5","5","5","5","5","14","5","17","30","13","21","245","175","235","241","154","238","1","0","2","4","0","3",NA,"959","1134","25420",NA,"0.64","0.70"
"1702332787539","order","0","7","5","5","5","5","5","5","22","13","6","26","7","12","204","375","145","173","142","231","3","2","0","4","0","1",NA,"983","983","20975",NA,"0.08","0.00"
"1702332787539","order","0","8","5","5","5","5","5","5","9","14","27","6","20","17","132","177","212","267","255","241","0","2","5","1","4","3",NA,"1152","1152","27892",NA,"0.15","0.00"
"1702332787539","order","0","9","5","5","5","5","5","5","7","30","16","9","17","16","302","234","221","323","174","320","0","0","0","1","0","2",NA,"643","1098","61799",NA,"-0.51","-0.70"
"1702332787931","complete","0","1","5","5","5","5","5","5","15","14","15","17","21","8","318","266","287","192","198","324","1","0","2","0","3","0",NA,"803","1127","32984",NA,"-0.79","-0.70"
"1702332787931","complete","0","2","5","5","5","5","5","5","6","17","6","23","16","27","242","135","334","265","328","269","0","0","1","4","2","3",NA,"1196","1331","30680",NA,"-0.18","0.00"
"1702332787931","complete","0","3","5","5","5","5","5","5","16","16","11","11","14","8","247","249","236","165","252","79","0","3","2","0","0","1",NA,"564","748","13037",NA,"0.85","0.70"
"1702332787931","complete","0","4","5","5","5","5","5","5","29","17","7","16","6","6","209","295","183","268","263","248","4","2","0","3","1","0",NA,"1035","1035","16260",NA,"-0.04","0.00"
"1702332787931","complete","0","5","5","5","5","5","5","5","13","11","6","21","28","25","167","153","259","209","122","128","2","0","1","3","5","4",NA,"885","885","24048",NA,"-0.70","-0.70"
"1702332787931","complete","0","6","5","5","5","5","5","5","9","20","27","22","18","9","177","181","308","260","162","161","0","4","2","3","0","1",NA,"910","1088","14534",NA,"0.79","0.70"
"1702332787931","complete","0","7","5","5","5","5","5","5","5","20","11","5","27","15","234","299","341","307","331","107","0","3","2","1","4","0",NA,"1278","1385","14749",NA,"0.15","0.00"
"1702332787931","complete","0","8","5","5","5","5","5","5","30","13","10","11","17","18","77","426","190","237","282","233","4","2","0","0","1","3",NA,"1018","1022","17084",NA,"-0.59","-0.70"
"1702332787931","complete","0","9","5","5","5","5","5","5","18","20","6","13","28","6","214","247","207","162","230","135","3","1","0","0","2","0",NA,"691","1060","16328",NA,"0.69","0.70"
"1702332789890","complete","0","1","5","5","5","5","5","5","12","13","11","17","5","20","115","150","157","133","194","114","1","2","0","3","0","4",NA,"512","598","12302",NA,"-0.83","-0.70"
"1702332789890","complete","0","2","5","5","5","5","5","5","17","14","21","14","20","11","333","145","292","260","92","205","0","0","3","2","1","0",NA,"644","1090","6376",NA,"0.06","0.00"
"1702332789890","complete","0","3","5","5","5","5","5","5","16","19","25","21","13","7","271","264","177","89","219","388","3","2","4","0","0","1",NA,"1100","1189","5884",NA,"-0.78","-0.70"
"1702332789890","complete","0","4","5","5","5","5","5","5","14","7","18","13","19","26","136","140","253","170","263","213","0","1","3","2","0","4",NA,"776","899","8478",NA,"0.66","0.70"
"1702332789890","complete","0","5","5","5","5","5","5","5","8","8","22","11","6","27","97","231","368","135","279","289","0","0","3","2","0","1",NA,"792","1071","5093",NA,"0.58","0.70"
"1702332789890","complete","0","6","5","5","5","5","5","5","18","15","13","14","16","27","258","236","276","329","313","185","3","0","0","0","2","1",NA,"756","1103","5953",NA,"-0.77","-0.70"
"1702332789890","complete","0","7","5","5","5","5","5","5","11","17","29","19","13","8","141","165","326","242","194","212","0","3","4","2","1","0",NA,"927","974","4643",NA,"0.79","0.70"
"1702332789890","complete","0","8","5","5","5","5","5","5","22","12","12","21","12","6","236","193","282","264","233","280","3","0","0","4","2","1",NA,"1013","1062","5195",NA,"-0.16","0.00"
"1702332789890","complete","0","9","5","5","5","5","5","5","11","14","9","14","29","19","149","287","254","411","238","281","2","0","0","0","3","1",NA,"668","1217","7421",NA,"0.01","0.00"
"1702332790003","order","0","1","5","5","5","5","5","5","13","12","8","15","23","28","307","324","210","280","262","276","0","0","0","0","1","0",NA,"262","1449","30008",NA,"0.09","0.00"
"1702332790003","order","0","2","5","5","5","5","5","5","15","7","9","9","11","29","266","302","219","260","264","159","1","0","0","0","2","0",NA,"530","991","9346",NA,"-0.83","-0.70"
"1702332790003","order","0","3","5","5","5","5","5","5","28","17","12","9","8","9","197","133","121","252","174","172","0","1","0","0","0","0",NA,"133","703","21727",NA,"-0.04","0.00"
"1702332790003","order","0","4","5","5","5","5","5","5","7","10","13","11","20","29","243","342","280","74","286","164","1","0","2","0","3","0",NA,"809","1072","12126",NA,"-0.20","0.00"
"1702332790003","order","0","5","5","5","5","5","5","5","22","18","27","6","8","23","257","234","232","158","50","262","0","2","0","1","0","3",NA,"654","1143","39020",NA,"0.81","0.70"
"1702332790003","order","0","6","5","5","5","5","5","5","9","9","18","24","21","8","359","159","163","142","161","349","1","0","2","3","0","0",NA,"664","825","9033",NA,"-0.72","-0.70"
"1702332790003","order","0","7","5","5","5","5","5","5","12","27","20","7","18","12","135","202","221","143","157","124","2","4","0","1","3","0",NA,"637","858","12658",NA,"0.79","0.70"
"1702332790003","order","0","8","5","5","5","5","5","5","9","25","13","6","23","7","349","133","154","236","132","324","0","0","2","1","3","0",NA,"522","768","14490",NA,"-0.79","-0.70"
"1702332790003","order","0","9","5","5","5","5","5","5","22","19","8","19","11","26","204","201","126","279","205","287","0","2","1","0","0","3",NA,"614","1176","13265",NA,"0.77","0.70"
"1702332790237","complete","0","1","5","5","5","5","5","5","12","29","18","9","11","7","204","279","303","230","128","182","2","4","3","0","0","1",NA,"968","1016","50481",NA,"0.67","0.70"
"1702332790237","complete","0","2","5","5","5","5","5","5","24","7","18","13","7","21","155","212","235","342","86","154","3","1","0","2","0","4",NA,"863","944","57631",NA,"-0.01","0.00"
"1702332790237","complete","0","3","5","5","5","5","5","5","17","9","26","7","20","7","256","244","294","251","281","187","1","0","2","0","3","0",NA,"831","1082","20419",NA,"0.81","0.70"
"1702332790237","complete","0","4","5","5","5","5","5","5","21","12","14","12","10","25","197","74","288","117","255","193","4","0","2","0","1","3",NA,"933","933","33416",NA,"0.09","0.00"
"1702332790237","complete","0","5","5","5","5","5","5","5","28","10","10","19","6","24","226","275","286","214","320","258","3","0","2","0","1","4",NA,"1090","1304","31318",NA,"-0.81","-0.70"
"1702332790237","complete","0","6","5","5","5","5","5","5","17","5","26","21","15","10","269","113","307","306","238","254","0","0","3","2","0","1",NA,"867","1374","26699",NA,"0.88","0.70"
"1702332790237","complete","0","7","5","5","5","5","5","5","6","15","16","16","20","20","323","185","212","280","63","194","1","0","3","2","0","4",NA,"1009","1009","26033",NA,"-0.77","-0.70"
"1702332790237","complete","0","8","5","5","5","5","5","5","16","26","8","12","24","7","245","246","325","135","216","225","2","3","0","0","4","1",NA,"932","1167","21151",NA,"-0.11","0.00"
"1702332790237","complete","0","9","5","5","5","5","5","5","15","21","19","15","14","8","305","113","235","270","292","344","0","4","0","3","2","1",NA,"1019","1054","23066",NA,"-0.88","-0.70"
"1702332791111","order","0","1","5","5","5","5","5","5","14","29","23","10","9","19","221","256","249","168","219","191","1","2","3","0","0","0",NA,"726","1136","28181",NA,"0.70","0.70"
"1702332791111","order","0","2","5","5","5","5","5","5","8","10","25","20","16","17","359","118","289","201","289","215","1","0","2","0","3","0",NA,"937","1353","20020",NA,"0.02","0.00"
"1702332791111","order","0","3","5","5","5","5","5","5","5","17","28","29","6","10","407","266","344","244","95","253","1","2","3","4","0","0",NA,"1261","1514","13556",NA,"0.16","0.00"
"1702332791111","order","0","4","5","5","5","5","5","5","13","8","6","26","8","16","177","124","143","90","157","142","0","0","1","0","0","0",NA,"143","566","23716",NA,"-0.61","-0.70"
"1702332791111","order","0","5","5","5","5","5","5","5","23","15","27","6","14","14","201","238","141","218","181","167","1","2","3","0","0","0",NA,"580","979","11403",NA,"-0.56","-0.70"
"1702332791111","order","0","6","5","5","5","5","5","5","13","20","16","14","29","8","198","218","416","221","157","56","1","2","0","0","3","0",NA,"573","1210","12576",NA,"0.14","0.00"
"1702332791111","order","0","7","5","5","5","5","5","5","6","18","24","8","6","26","244","261","156","278","418","118","1","2","0","0","0","0",NA,"505","953","13834",NA,"-0.81","-0.70"
"1702332791111","order","0","8","5","5","5","5","5","5","18","13","29","16","14","11","273","254","321","237","225","164","1","2","3","0","0","0",NA,"848","1085","7854",NA,"0.87","0.70"
"1702332791111","order","0","9","5","5","5","5","5","5","10","11","5","19","14","18","224","202","220","323","291","348","1","2","0","0","0","0",NA,"426","962","24076",NA,"0.87","0.70"
"1702332791895","order","0","1","5","5","5","5","5","5","14","5","24","19","26","11","173","169","272","165","198","133","0","0","0","0","0","0",NA,"0","977","20985",NA,"0.64","0.70"
"1702332791895","order","0","2","5","5","5","5","5","5","5","9","28","21","17","17","50","183","292","169","140","107","0","0","0","0","0","0",NA,"0","891","33679",NA,"0.77","0.70"
"1702332791895","order","0","3","5","5","5","5","5","5","23","16","11","7","29","12","145","202","275","251","159","307","0","0","0","0","0","0",NA,"0","1088","21454",NA,"-0.83","-0.70"
"1702332791895","order","0","4","5","5","5","5","5","5","14","20","14","18","14","8","189","110","169","203","242","156","0","0","0","0","0","0",NA,"0","744","23773",NA,"-0.19","0.00"
"1702332791895","order","0","5","5","5","5","5","5","5","9","11","11","24","14","8","215","99","221","145","168","366","0","0","0","0","0","0",NA,"0","732","26689",NA,"-0.51","-0.70"
"1702332791895","order","0","6","5","5","5","5","5","5","5","13","15","15","25","28","196","105","130","339","111","257","0","0","0","0","0","0",NA,"0","1033","22912",NA,"0.05","0.00"
"1702332791895","order","0","7","5","5","5","5","5","5","9","20","15","5","29","13","230","332","226","204","277","231","0","0","0","0","0","0",NA,"0","1296","29063",NA,"0.71","0.70"
"1702332791895","order","0","8","5","5","5","5","5","5","22","10","6","21","28","14","267","276","183","156","239","334","0","0","0","0","0","0",NA,"0","1272","11359",NA,"-0.04","0.00"
"1702332791895","order","0","9","5","5","5","5","5","5","10","5","18","19","20","15","228","340","162","223","190","219","0","0","0","0","0","0",NA,"0","981","16544",NA,"-0.86","-0.70"
"1702332793728","order","0","1","5","5","5","5","5","5","27","6","13","12","24","16","156","306","265","191","166","244","5","1","2","0","4","3",NA,"1137","1137","51866",NA,"-0.86","-0.70"
"1702332793728","order","0","2","5","5","5","5","5","5","7","26","17","24","19","9","219","165","200","279","341","246","0","5","2","4","3","1",NA,"1231","1231","47616",NA,"-0.02","0.00"
"1702332793728","order","0","3","5","5","5","5","5","5","15","13","7","25","5","15","247","244","352","218","246","293","0","2","1","4","0","3",NA,"1107","1110","42523",NA,"-0.54","-0.70"
"1702332793728","order","0","4","5","5","5","5","5","5","9","19","19","25","23","10","210","206","323","262","276","323","0","2","3","5","4","1",NA,"1390","1394","37444",NA,"0.04","0.00"
"1702332793728","order","0","5","5","5","5","5","5","5","8","16","6","9","25","30","136","261","244","93","226","285","0","2","1","0","3","4",NA,"1016","1016","41341",NA,"0.60","0.70"
"1702332793728","order","0","6","5","5","5","5","5","5","14","22","22","18","8","5","317","250","248","106","158","279","2","4","0","3","0","1",NA,"952","1094","29075",NA,"-0.06","0.00"
"1702332793728","order","0","7","5","5","5","5","5","5","11","8","15","19","20","15","212","366","208","185","158","153","2","1","3","0","4","0",NA,"944","944","70714",NA,"-0.81","-0.70"
"1702332793728","order","0","8","5","5","5","5","5","5","12","5","20","28","7","9","154","193","218","261","171","226","0","1","2","3","0","0",NA,"672","859","46680",NA,"0.70","0.70"
"1702332793728","order","0","9","5","5","5","5","5","5","6","29","10","5","12","13","247","369","284","246","154","302","1","3","0","0","0","2",NA,"918","955","47337",NA,"0.64","0.70"
"1702332794251","complete","0","1","5","5","5","5","5","5","22","12","22","9","9","28","282","251","297","266","185","323","3","1","2","0","0","4",NA,"1153","1419","37187",NA,"0.83","0.70"
"1702332794251","complete","0","2","5","5","5","5","5","5","24","5","28","12","10","11","134","294","142","180","414","96","4","0","3","0","1","2",NA,"786","984","33335",NA,"-0.53","-0.70"
"1702332794251","complete","0","3","5","5","5","5","5","5","22","17","19","5","5","29","198","223","157","272","261","178","3","2","0","1","0","4",NA,"871","1028","19029",NA,"-0.86","-0.70"
"1702332794251","complete","0","4","5","5","5","5","5","5","10","13","13","21","8","14","242","270","233","252","263","327","2","0","0","3","1","0",NA,"757","849","19309",NA,"0.05","0.00"
"1702332794251","complete","0","5","5","5","5","5","5","5","27","8","9","17","14","9","190","301","95","290","160","290","3","0","0","2","0","1",NA,"770","941","11119",NA,"-0.13","0.00"
"1702332794251","complete","0","6","5","5","5","5","5","5","29","24","13","20","6","12","341","259","236","170","99","226","4","3","2","0","0","1",NA,"1062","1232","18428",NA,"0.80","0.70"
"1702332794251","complete","0","7","5","5","5","5","5","5","18","24","13","12","14","9","199","113","323","204","302","294","3","4","1","0","2","0",NA,"937","937","13535",NA,"-0.80","-0.70"
"1702332794251","complete","0","8","5","5","5","5","5","5","16","14","17","9","12","26","125","166","298","220","226","194","0","2","3","0","1","4",NA,"884","938","14815",NA,"-0.07","0.00"
"1702332794251","complete","0","9","5","5","5","5","5","5","13","20","12","28","7","9","146","263","184","338","246","50","0","2","0","3","1","0",NA,"847","1031","11498",NA,"0.71","0.70"
"1702332794736","complete","0","1","5","5","5","5","5","5","9","11","29","9","17","22","296","227","78","218","311","121","1","2","5","0","3","4",NA,"1033","1033","18791",NA,"-0.77","-0.70"
"1702332794736","complete","0","2","5","5","5","5","5","5","20","12","23","17","20","9","337","244","182","219","59","195","4","2","0","3","0","1",NA,"995","995","12767",NA,"-0.12","0.00"
"1702332794736","complete","0","3","5","5","5","5","5","5","8","13","27","17","5","8","206","252","297","212","153","234","0","2","4","3","1","0",NA,"914","995","14353",NA,"0.81","0.70"
"1702332794736","complete","0","4","5","5","5","5","5","5","16","7","17","26","8","23","287","167","240","352","180","205","2","0","0","4","1","3",NA,"1024","1264","17175",NA,"0.74","0.70"
"1702332794736","complete","0","5","5","5","5","5","5","5","14","8","29","6","28","14","273","248","81","133","301","140","2","0","4","1","3","0",NA,"788","903","32127",NA,"-0.01","0.00"
"1702332794736","complete","0","6","5","5","5","5","5","5","23","13","9","10","11","19","280","182","229","215","197","234","4","0","1","2","0","3",NA,"958","958","13888",NA,"0.72","0.70"
"1702332794736","complete","0","7","5","5","5","5","5","5","9","8","14","8","14","27","289","240","272","237","179","87","0","1","2","0","0","3",NA,"599","648","11257",NA,"-0.86","-0.70"
"1702332794736","complete","0","8","5","5","5","5","5","5","17","16","26","21","5","15","255","221","234","237","257","121","3","0","5","4","1","2",NA,"1104","1204","15144",NA,"-0.03","0.00"
"1702332794736","complete","0","9","5","5","5","5","5","5","21","13","9","15","8","24","197","190","239","270","318","121","4","2","0","3","1","0",NA,"975","975","15999",NA,"-0.80","-0.70"
"1702332797211","complete","0","1","5","5","5","5","5","5","19","27","10","23","19","6","303","291","104","276","390","187","2","0","0","3","1","0",NA,"969","1447","32548",NA,"0.67","0.70"
"1702332797211","complete","0","2","5","5","5","5","5","5","21","15","10","9","16","24","359","162","168","218","277","324","0","0","0","1","3","2",NA,"819","1178","14907",NA,"0.80","0.70"
"1702332797211","complete","0","3","5","5","5","5","5","5","23","7","18","14","20","11","71","270","110","339","65","197","0","1","3","2","0","0",NA,"719","790","24560",NA,"-0.77","-0.70"
"1702332797211","complete","0","4","5","5","5","5","5","5","6","12","9","13","27","10","147","187","143","275","282","136","0","2","0","1","3","0",NA,"744","744","14492",NA,"0.79","0.70"
"1702332797211","complete","0","5","5","5","5","5","5","5","9","11","19","7","26","19","123","263","185","374","268","228","0","2","3","1","0","0",NA,"822","1133","11044",NA,"-0.14","0.00"
"1702332797211","complete","0","6","5","5","5","5","5","5","9","12","10","15","24","7","197","351","169","223","144","117","0","2","0","1","3","0",NA,"718","915","7158",NA,"-0.05","0.00"
"1702332797211","complete","0","7","5","5","5","5","5","5","12","17","10","16","23","26","171","329","94","241","194","139","2","1","0","3","0","0",NA,"741","1074","12953",NA,"0.11","0.00"
"1702332797211","complete","0","8","5","5","5","5","5","5","6","14","20","16","12","22","299","256","50","335","240","137","0","2","0","1","0","3",NA,"728","1027","13594",NA,"-0.69","-0.70"
"1702332797211","complete","0","9","5","5","5","5","5","5","19","22","18","21","18","6","241","149","179","230","148","328","1","0","0","2","3","0",NA,"619","978","14103",NA,"-0.78","-0.70"
"1702332797697","complete","0","1","5","5","5","5","5","5","23","8","27","11","14","8","301","108","395","288","62","53","3","0","2","0","1","0",NA,"758","1092","13717",NA,"0.79","0.70"
"1702332797697","complete","0","2","5","5","5","5","5","5","14","28","11","13","10","6","170","275","202","231","104","317","0","1","2","0","0","0",NA,"477","823","5611",NA,"0.17","0.00"
"1702332797697","complete","0","3","5","5","5","5","5","5","10","22","22","12","25","10","193","280","294","67","330","127","0","1","3","0","2","0",NA,"904","1224","7809",NA,"0.88","0.70"
"1702332797697","complete","0","4","5","5","5","5","5","5","9","19","29","9","17","22","272","237","162","92","97","239","1","3","4","0","0","2",NA,"910","1007","5917",NA,"0.05","0.00"
"1702332797697","complete","0","5","5","5","5","5","5","5","30","13","28","5","6","23","304","152","229","125","199","223","1","0","2","0","0","3",NA,"756","1107","3594",NA,"0.83","0.70"
"1702332797697","complete","0","6","5","5","5","5","5","5","15","6","21","13","22","20","344","289","171","273","251","253","1","0","0","2","3","4",NA,"1121","1159","7693",NA,"-0.54","-0.70"
"1702332797697","complete","0","7","5","5","5","5","5","5","10","13","7","25","22","19","212","307","295","117","159","188","0","1","0","4","3","2",NA,"771","1066","5347",NA,"-0.85","-0.70"
"1702332797697","complete","0","8","5","5","5","5","5","5","18","17","27","11","8","20","274","247","113","443","169","195","1","2","4","0","0","3",NA,"829","1272","6025",NA,"-0.51","-0.70"
"1702332797697","complete","0","9","5","5","5","5","5","5","10","12","9","25","20","12","230","203","159","157","280","125","2","0","0","3","1","0",NA,"667","870","5239",NA,"0.15","0.00"
"1702332798378","order","0","1","5","5","5","5","5","5","19","8","9","20","22","10","231","179","189","304","292","50","0","0","0","1","0","2",NA,"354","1016","47065",NA,"0.77","0.70"
"1702332798378","order","0","2","5","5","5","5","5","5","9","15","8","16","13","26","214","323","198","211","302","193","0","1","0","0","0","2",NA,"516","1032","31189",NA,"-0.12","0.00"
"1702332798378","order","0","3","5","5","5","5","5","5","16","27","9","7","16","18","299","51","231","194","284","165","2","0","0","0","1","0",NA,"583","865","13464",NA,"-0.58","-0.70"
"1702332798378","order","0","4","5","5","5","5","5","5","30","11","16","12","7","8","334","264","166","278","86","179","1","0","0","2","0","0",NA,"612","1042","34183",NA,"0.69","0.70"
"1702332798378","order","0","5","5","5","5","5","5","5","16","16","17","20","22","13","175","250","187","140","143","282","0","2","0","0","0","1",NA,"532","862","27888",NA,"-0.87","-0.70"
"1702332798378","order","0","6","5","5","5","5","5","5","26","8","29","16","17","9","174","228","318","180","240","269","2","0","1","0","3","0",NA,"732","1181","28486",NA,"0.13","0.00"
"1702332798378","order","0","7","5","5","5","5","5","5","5","7","19","10","15","29","253","343","232","262","159","191","0","1","0","2","0","0",NA,"605","1028","40897",NA,"-0.63","-0.70"
"1702332798378","order","0","8","5","5","5","5","5","5","7","15","16","20","15","12","239","91","294","253","258","220","0","0","2","1","0","0",NA,"547","1044","21335",NA,"0.08","0.00"
"1702332798378","order","0","9","5","5","5","5","5","5","8","14","9","19","27","11","178","133","229","230","366","185","0","0","0","2","1","0",NA,"596","1010","17719",NA,"0.78","0.70"
"1702332799014","complete","0","1","5","5","5","5","5","5","12","13","17","8","16","15","204","222","223","131","304","174","0","0","0","0","1","0",NA,"304","749","14800",NA,"0.70","0.70"
"1702332799014","complete","0","2","5","5","5","5","5","5","11","9","13","28","11","16","212","163","311","193","228","212","0","0","1","0","0","0",NA,"311","944","9728",NA,"-0.11","0.00"
"1702332799014","complete","0","3","5","5","5","5","5","5","29","9","9","20","10","12","174","345","239","304","239","282","0","1","0","0","0","0",NA,"345","1105","6592",NA,"-0.55","-0.70"
"1702332799014","complete","0","4","5","5","5","5","5","5","29","25","9","6","23","11","250","162","277","313","111","245","0","0","0","1","0","0",NA,"313","1081","5256",NA,"-0.66","-0.70"
"1702332799014","complete","0","5","5","5","5","5","5","5","23","10","14","8","14","10","246","311","252","341","239","95","0","0","0","1","0","0",NA,"341","898","5935",NA,"-0.10","0.00"
"1702332799014","complete","0","6","5","5","5","5","5","5","14","7","15","15","29","12","180","158","124","200","292","211","0","1","0","0","0","0",NA,"158","883","16681",NA,"0.77","0.70"
"1702332799014","complete","0","7","5","5","5","5","5","5","15","18","8","11","20","25","162","312","212","234","192","230","0","0","0","0","0","1",NA,"230","1180","9248",NA,"0.13","0.00"
"1702332799014","complete","0","8","5","5","5","5","5","5","14","17","10","13","29","15","232","233","96","239","304","280","0","0","0","1","2","3",NA,"823","1056","12607",NA,"0.71","0.70"
"1702332799014","complete","0","9","5","5","5","5","5","5","13","6","6","19","23","15","108","236","293","165","92","230","1","0","0","2","3","0",NA,"365","780","3977",NA,"-0.77","-0.70"
"1702332800016","order","0","1","5","5","5","5","5","5","11","19","24","13","9","19","218","191","324","252","210","269","0","0","4","2","1","3",NA,"1055","1063","83447",NA,"0.65","0.70"
"1702332800016","order","0","2","5","5","5","5","5","5","27","13","6","18","19","19","106","345","401","233","95","263","4","2","1","0","0","3",NA,"1115","1115","91043",NA,"-0.87","-0.70"
"1702332800016","order","0","3","5","5","5","5","5","5","15","11","8","20","17","30","55","178","146","145","192","271","0","2","1","4","3","5",NA,"932","932","27679",NA,"0.60","0.70"
"1702332800016","order","0","4","5","5","5","5","5","5","10","9","13","27","6","21","203","233","178","307","143","240","2","1","0","4","0","3",NA,"983","983","35256",NA,"0.85","0.70"
"1702332800016","order","0","5","5","5","5","5","5","5","29","10","24","6","6","10","276","334","131","265","60","181","4","2","3","1","0","0",NA,"1006","1006","36349",NA,"0.12","0.00"
"1702332800016","order","0","6","5","5","5","5","5","5","6","20","14","20","25","9","387","326","164","142","177","380","1","3","2","4","5","0",NA,"1196","1196","29881",NA,"-0.69","-0.70"
"1702332800016","order","0","7","5","5","5","5","5","5","20","30","14","8","7","24","321","322","228","241","420","311","3","5","2","0","1","4",NA,"1602","1602","16634",NA,"-0.01","0.00"
"1702332800016","order","0","8","5","5","5","5","5","5","10","29","11","9","28","17","176","266","344","215","200","234","0","5","2","1","4","3",NA,"1259","1259","16478",NA,"-0.04","0.00"
"1702332800016","order","0","9","5","5","5","5","5","5","17","14","17","27","6","22","176","253","240","160","344","266","0","2","3","5","1","4",NA,"1263","1263","20189",NA,"-0.78","-0.70"
"1702332801318","order","0","1","5","5","5","5","5","5","5","15","19","22","15","19","223","197","248","205","243","196","0","0","0","1","0","0",NA,"205","919","269783",NA,"-0.16","0.00"
"1702332801318","order","0","2","5","5","5","5","5","5","12","28","15","18","19","7","305","284","213","137","433","293","0","0","0","0","1","0",NA,"433","1315","57373",NA,"0.02","0.00"
"1702332801318","order","0","3","5","5","5","5","5","5","11","18","24","10","12","20","261","228","111","268","239","231","1","0","0","2","0","0",NA,"529","988","45770",NA,"-0.85","-0.70"
"1702332801318","order","0","4","5","5","5","5","5","5","13","12","15","6","22","10","174","198","173","175","276","182","0","1","0","0","0","2",NA,"380","829","37654",NA,"0.80","0.70"
"1702332801318","order","0","5","5","5","5","5","5","5","24","16","23","8","21","12","224","120","245","160","140","289","3","0","1","0","0","2",NA,"758","918","34291",NA,"0.09","0.00"
"1702332801318","order","0","6","5","5","5","5","5","5","9","14","23","18","6","9","168","293","382","250","281","245","0","2","1","0","0","0",NA,"675","1206","31678",NA,"0.65","0.70"
"1702332801318","order","0","7","5","5","5","5","5","5","19","9","14","18","23","16","211","374","231","157","209","404","0","0","0","0","0","1",NA,"404","1218","34845",NA,"-0.61","-0.70"
"1702332801318","order","0","8","5","5","5","5","5","5","12","22","13","17","9","14","291","455","333","262","188","203","0","0","1","2","0","0",NA,"595","1341","52982",NA,"0.77","0.70"
"1702332801318","order","0","9","5","5","5","5","5","5","9","17","28","20","9","5","180","177","144","194","188","245","0","0","0","1","0","0",NA,"194","760","86972",NA,"-0.77","-0.70"
"1702332801545","complete","0","1","5","5","5","5","5","5","22","6","27","22","14","9","121","273","89","145","309","231","4","0","2","3","1","0",NA,"664","937","24163",NA,"-0.86","-0.70"
"1702332801545","complete","0","2","5","5","5","5","5","5","13","19","28","11","14","15","251","252","166","255","208","216","0","3","1","0","2","0",NA,"626","924","17357",NA,"-0.75","-0.70"
"1702332801545","complete","0","3","5","5","5","5","5","5","16","9","8","15","9","22","203","199","287","353","238","227","1","0","0","2","0","3",NA,"783","1070","10909",NA,"-0.05","0.00"
"1702332801545","complete","0","4","5","5","5","5","5","5","13","5","11","10","18","22","217","306","328","305","241","351","0","1","2","0","0","3",NA,"985","1226","9142",NA,"0.03","0.00"
"1702332801545","complete","0","5","5","5","5","5","5","5","17","17","13","14","17","13","205","340","162","231","271","134","3","1","0","0","2","0",NA,"816","842","10300",NA,"0.77","0.70"
"1702332801545","complete","0","6","5","5","5","5","5","5","12","6","11","27","30","19","224","127","198","306","380","163","0","0","0","2","1","3",NA,"849","1271","16135",NA,"0.87","0.70"
"1702332801545","complete","0","7","5","5","5","5","5","5","9","19","28","20","12","8","309","217","102","264","209","441","0","3","4","2","0","1",NA,"1024","1233","15470",NA,"-0.82","-0.70"
"1702332801545","complete","0","8","5","5","5","5","5","5","18","16","13","9","14","7","80","259","403","140","313","141","0","3","1","0","2","0",NA,"975","975","10785",NA,"0.12","0.00"
"1702332801545","complete","0","9","5","5","5","5","5","5","11","24","15","25","18","11","289","332","244","265","315","130","0","2","0","3","1","0",NA,"912","1445","19110",NA,"0.55","0.70"
"1702332804021","order","0","1","5","5","5","5","5","5","17","25","22","7","8","17","254","241","273","162","134","230","3","5","4","1","0","2",NA,"1160","1160","35957",NA,"0.88","0.70"
"1702332804021","order","0","2","5","5","5","5","5","5","19","14","5","12","29","22","288","318","398","315","282","263","3","2","1","0","5","4",NA,"1549","1549","44854",NA,"-0.86","-0.70"
"1702332804021","order","0","3","5","5","5","5","5","5","11","18","6","22","16","15","253","269","338","121","318","227","2","0","1","4","3","0",NA,"1030","1046","38527",NA,"-0.73","-0.70"
"1702332804021","order","0","4","5","5","5","5","5","5","24","8","29","14","19","11","257","383","273","151","306","233","4","1","5","0","3","2",NA,"1452","1452","96411",NA,"-0.13","0.00"
"1702332804021","order","0","5","5","5","5","5","5","5","17","20","8","14","8","30","120","162","210","269","178","228","0","3","1","2","0","4",NA,"869","989","30222",NA,"0.06","0.00"
"1702332804021","order","0","6","5","5","5","5","5","5","12","29","6","6","23","12","201","326","267","299","99","318","0","4","0","1","3","2",NA,"1042","1042","20238",NA,"-0.19","0.00"
"1702332804021","order","0","7","5","5","5","5","5","5","6","15","24","13","30","5","186","151","210","160","254","152","1","3","4","2","5","0",NA,"961","961","33331",NA,"0.81","0.70"
"1702332804021","order","0","8","5","5","5","5","5","5","30","16","22","5","20","6","272","166","223","169","345","161","5","2","4","1","3","0",NA,"1175","1175","22225",NA,"0.67","0.70"
"1702332804021","order","0","9","5","5","5","5","5","5","22","5","20","18","26","14","168","315","259","269","129","174","0","1","4","3","5","2",NA,"1146","1146","24040",NA,"-0.72","-0.70"
"1702332805773","complete","0","1","5","5","5","5","5","5","22","12","6","22","10","11","276","176","334","288","405","176","1","2","0","3","0","0",NA,"740","1303","3425",NA,"-0.13","0.00"
"1702332805773","complete","0","2","5","5","5","5","5","5","29","16","16","7","11","8","444","219","341","245","254","214","2","3","1","0","0","0",NA,"1004","1284","4386",NA,"0.87","0.70"
"1702332805773","complete","0","3","5","5","5","5","5","5","24","17","14","20","11","15","129","189","176","283","406","355","4","0","0","3","1","2",NA,"1173","1233","5436",NA,"-0.66","-0.70"
"1702332805773","complete","0","4","5","5","5","5","5","5","10","8","15","27","22","14","209","229","182","164","288","200","2","0","3","4","1","0",NA,"843","1072","4465",NA,"-0.09","0.00"
"1702332805773","complete","0","5","5","5","5","5","5","5","26","10","15","12","9","18","327","163","134","271","114","137","1","0","0","2","0","3",NA,"735","898","9255",NA,"0.62","0.70"
"1702332805773","complete","0","6","5","5","5","5","5","5","19","16","19","12","26","10","195","155","170","185","50","253","0","0","3","2","4","1",NA,"658","683","6171",NA,"-0.87","-0.70"
"1702332805773","complete","0","7","5","5","5","5","5","5","8","11","27","7","16","21","118","111","177","202","207","143","0","0","2","0","1","3",NA,"527","840","21286",NA,"0.18","0.00"
"1702332805773","complete","0","8","5","5","5","5","5","5","27","9","18","14","11","9","292","164","223","247","138","72","1","0","2","0","0","0",NA,"515","926","10632",NA,"0.84","0.70"
"1702332805773","complete","0","9","5","5","5","5","5","5","13","14","14","6","26","14","171","224","301","328","144","148","0","0","2","1","3","0",NA,"773","773","4753",NA,"-0.67","-0.70"
"1702332807207","complete","0","1","5","5","5","5","5","5","18","9","14","23","15","9","233","282","138","239","354","260","1","0","2","3","0","0",NA,"610","1108","8795",NA,"-0.15","0.00"
"1702332807207","complete","0","2","5","5","5","5","5","5","11","19","15","14","6","23","237","266","351","173","210","356","1","2","3","0","0","4",NA,"1210","1210","5945",NA,"0.64","0.70"
"1702332807207","complete","0","3","5","5","5","5","5","5","13","29","25","7","14","7","204","384","281","235","213","191","1","2","3","0","0","0",NA,"869","1113","4429",NA,"0.87","0.70"
"1702332807207","complete","0","4","5","5","5","5","5","5","11","13","28","13","13","16","204","318","120","242","274","314","1","2","3","0","0","0",NA,"642","1026","4368",NA,"-0.68","-0.70"
"1702332807207","complete","0","5","5","5","5","5","5","5","22","11","6","9","21","27","199","220","248","261","235","152","3","2","0","0","1","4",NA,"806","1067","7049",NA,"-0.82","-0.70"
"1702332807207","complete","0","6","5","5","5","5","5","5","12","17","11","15","21","26","215","207","282","211","192","251","1","2","0","3","4","5",NA,"1076","1151","7831",NA,"-0.17","0.00"
"1702332807207","complete","0","7","5","5","5","5","5","5","12","28","6","12","8","17","181","159","262","286","333","160","1","2","0","0","0","3",NA,"500","938","5152",NA,"-0.72","-0.70"
"1702332807207","complete","0","8","5","5","5","5","5","5","26","23","10","12","15","16","200","157","101","316","279","192","1","2","0","0","3","0",NA,"636","1144","17527",NA,"-0.12","0.00"
"1702332807207","complete","0","9","5","5","5","5","5","5","6","9","12","8","23","29","146","189","229","254","205","361","1","0","2","0","3","4",NA,"941","1049","5183",NA,"0.72","0.70"
"1702332812326","complete","0","1","5","5","5","5","5","5","16","27","13","19","10","6","236","254","218","289","186","310","0","3","0","2","0","1",NA,"853","1089","20023",NA,"0.02","0.00"
"1702332812326","complete","0","2","5","5","5","5","5","5","15","16","22","18","12","12","209","261","184","298","256","188","0","2","4","3","1","0",NA,"999","999","29801",NA,"-0.06","0.00"
"1702332812326","complete","0","3","5","5","5","5","5","5","26","17","20","15","10","13","203","262","272","227","337","295","5","0","4","3","1","2",NA,"1334","1369","26677",NA,"-0.80","-0.70"
"1702332812326","complete","0","4","5","5","5","5","5","5","15","9","18","8","9","22","193","227","154","253","228","183","2","0","3","1","0","4",NA,"783","783","19638",NA,"-0.87","-0.70"
"1702332812326","complete","0","5","5","5","5","5","5","5","29","13","10","8","15","10","86","318","187","304","296","210","4","0","0","1","3","2",NA,"896","1004","23701",NA,"-0.69","-0.70"
"1702332812326","complete","0","6","5","5","5","5","5","5","12","17","24","10","19","8","163","313","352","191","320","250","0","3","4","2","0","1",NA,"1106","1235","19228",NA,"0.81","0.70"
"1702332812326","complete","0","7","5","5","5","5","5","5","6","9","19","30","16","9","273","219","181","200","244","135","1","0","3","4","2","0",NA,"898","898","16161",NA,"-0.19","0.00"
"1702332812326","complete","0","8","5","5","5","5","5","5","21","10","20","9","11","27","180","199","275","150","239","274","4","0","3","1","2","5",NA,"1118","1167","20401",NA,"0.60","0.70"
"1702332812326","complete","0","9","5","5","5","5","5","5","13","30","18","15","22","6","179","324","257","273","243","174","0","5","3","2","4","1",NA,"1271","1276","20957",NA,"0.86","0.70"
"1702332813304","order","0","1","5","5","5","5","5","5","29","15","12","16","13","6","333","126","236","292","296","177","1","0","0","0","0","0",NA,"333","1157","43638",NA,"0.60","0.70"
"1702332813304","order","0","2","5","5","5","5","5","5","15","9","7","22","12","16","208","137","130","270","200","152","1","0","0","2","0","0",NA,"478","830","25623",NA,"0.85","0.70"
"1702332813304","order","0","3","5","5","5","5","5","5","26","6","8","23","23","13","178","132","313","326","248","280","1","0","0","0","2","0",NA,"426","1345","13507",NA,"0.12","0.00"
"1702332813304","order","0","4","5","5","5","5","5","5","11","14","14","29","13","11","222","138","195","51","192","296","1","0","0","2","0","0",NA,"273","569","10521",NA,"-0.87","-0.70"
"1702332813304","order","0","5","5","5","5","5","5","5","27","20","13","28","9","6","234","50","240","244","304","91","0","0","2","0","1","0",NA,"544","1072","30540",NA,"0.13","0.00"
"1702332813304","order","0","6","5","5","5","5","5","5","15","21","13","6","15","8","298","271","196","331","287","240","1","0","0","0","2","0",NA,"585","1187","26209",NA,"-0.14","0.00"
"1702332813304","order","0","7","5","5","5","5","5","5","17","6","14","20","12","24","155","136","161","172","164","175","1","0","0","0","2","0",NA,"319","672","26929",NA,"0.87","0.70"
"1702332813304","order","0","8","5","5","5","5","5","5","6","30","18","17","17","16","268","118","271","167","145","318","0","1","0","0","0","0",NA,"118","975","9488",NA,"-0.61","-0.70"
"1702332813304","order","0","9","5","5","5","5","5","5","14","15","24","12","7","17","254","140","137","177","240","231","1","2","0","0","0","0",NA,"394","862","8829",NA,"-0.56","-0.70"
"1702332813370","order","0","1","5","5","5","5","5","5","25","7","19","6","13","16","196","318","165","314","167","227","0","0","0","0","0","0",NA,"0","908","679753",NA,"-0.77","-0.70"
"1702332813370","order","0","2","5","5","5","5","5","5","21","11","5","6","29","6","213","234","183","179","89","63","3","2","1","0","4","0",NA,"719","719","42871",NA,"-0.15","0.00"
"1702332813370","order","0","3","5","5","5","5","5","5","21","15","13","10","10","28","239","259","148","276","236","77","4","3","2","1","0","5",NA,"999","1087","33479",NA,"-0.68","-0.70"
"1702332813370","order","0","4","5","5","5","5","5","5","18","19","7","24","22","15","211","214","240","270","164","167","2","3","1","4","0","0",NA,"935","935","40215",NA,"-0.01","0.00"
"1702332813370","order","0","5","5","5","5","5","5","5","8","20","29","11","6","19","130","79","264","117","105","248","1","0","4","2","0","3",NA,"759","838","33669",NA,"0.67","0.70"
"1702332813370","order","0","6","5","5","5","5","5","5","14","26","22","15","5","10","308","256","211","196","189","375","2","3","4","0","0","1",NA,"1150","1346","30797",NA,"-0.10","0.00"
"1702332813370","order","0","7","5","5","5","5","5","5","9","28","12","23","15","12","154","295","239","211","95","238","1","4","2","3","0","0",NA,"899","1078","38707",NA,"0.50","0.70"
"1702332813370","order","0","8","5","5","5","5","5","5","20","18","7","26","13","12","155","171","209","132","233","356","4","3","0","0","2","1",NA,"915","1047","70746",NA,"-0.64","-0.70"
"1702332813370","order","0","9","5","5","5","5","5","5","8","23","11","16","17","30","173","212","204","158","237","328","1","4","2","0","3","5",NA,"1154","1154","20774",NA,"0.80","0.70"
"1702332813741","order","0","1","5","5","5","5","5","5","17","10","24","5","27","8","183","143","154","176","157","123","1","2","3","0","4","0",NA,"637","813","26414",NA,"0.15","0.00"
"1702332813741","order","0","2","5","5","5","5","5","5","23","25","18","23","5","8","245","146","170","194","142","296","4","2","3","0","0","1",NA,"857","1051","41392",NA,"-0.15","0.00"
"1702332813741","order","0","3","5","5","5","5","5","5","16","13","18","25","19","6","191","116","207","86","170","298","1","0","2","0","3","0",NA,"568","782","32711",NA,"-0.76","-0.70"
"1702332813741","order","0","4","5","5","5","5","5","5","12","25","13","12","9","13","303","381","151","279","182","262","0","1","0","0","0","2",NA,"643","963","54449",NA,"0.73","0.70"
"1702332813741","order","0","5","5","5","5","5","5","5","19","6","22","12","16","27","293","152","242","151","138","215","1","0","2","0","0","3",NA,"750","1053","14190",NA,"0.60","0.70"
"1702332813741","order","0","6","5","5","5","5","5","5","26","18","9","28","12","11","195","176","224","304","300","296","1","2","0","3","0","0",NA,"675","1271","22099",NA,"-0.12","0.00"
"1702332813741","order","0","7","5","5","5","5","5","5","10","9","13","17","25","17","225","219","197","275","333","178","0","0","0","1","2","3",NA,"786","1052","19837",NA,"0.70","0.70"
"1702332813741","order","0","8","5","5","5","5","5","5","16","27","6","12","17","11","175","143","413","250","272","313","1","2","0","0","3","0",NA,"590","1141","18258",NA,"-0.87","-0.70"
"1702332813741","order","0","9","5","5","5","5","5","5","21","18","9","25","13","16","235","270","399","211","257","340","1","2","0","3","0","0",NA,"716","1455","38645",NA,"-0.83","-0.70"
"1702332815073","order","0","1","5","5","5","5","5","5","28","10","8","29","12","8","332","375","272","263","110","241","3","2","1","4","0","0",NA,"1242","1242","43023",NA,"0.19","0.00"
"1702332815073","order","0","2","5","5","5","5","5","5","16","12","13","27","7","9","236","138","336","239","258","277","3","0","2","4","0","1",NA,"1088","1088","75016",NA,"-0.10","0.00"
"1702332815073","order","0","3","5","5","5","5","5","5","11","15","15","29","13","19","292","253","203","140","311","237","1","3","0","4","2","0",NA,"996","996","50991",NA,"-0.88","-0.70"
"1702332815073","order","0","4","5","5","5","5","5","5","14","16","7","9","17","20","302","280","129","307","113","275","2","3","0","1","0","4",NA,"1164","1164","30111",NA,"0.16","0.00"
"1702332815073","order","0","5","5","5","5","5","5","5","11","23","15","9","14","12","265","150","185","266","312","270","0","4","3","1","0","2",NA,"871","917","47736",NA,"-0.76","-0.70"
"1702332815073","order","0","6","5","5","5","5","5","5","17","18","14","11","7","24","334","277","253","293","214","342","2","3","0","1","0","4",NA,"1246","1246","73905",NA,"0.80","0.70"
"1702332815073","order","0","7","5","5","5","5","5","5","12","15","6","24","13","11","341","253","143","307","295","186","1","3","0","4","2","0",NA,"1196","1196","39455",NA,"0.62","0.70"
"1702332815073","order","0","8","5","5","5","5","5","5","11","19","22","11","16","9","276","293","328","149","314","214","2","3","4","0","1","0",NA,"1211","1211","70342",NA,"0.75","0.70"
"1702332815073","order","0","9","5","5","5","5","5","5","28","17","8","10","16","10","261","275","371","372","262","343","4","3","1","2","0","0",NA,"1279","1279","46536",NA,"-0.83","-0.70"
"1702332818390","order","0","1","5","5","5","5","5","5","9","13","9","18","26","13","231","225","284","95","260","231","0","0","1","3","4","2",NA,"870","870","102942",NA,"-0.20","0.00"
"1702332818390","order","0","2","5","5","5","5","5","5","27","14","18","7","22","14","286","202","171","182","246","170","5","0","3","1","4","2",NA,"1055","1087","41653",NA,"0.81","0.70"
"1702332818390","order","0","3","5","5","5","5","5","5","16","27","7","16","20","12","282","293","160","249","236","229","3","5","1","0","4","2",NA,"1200","1289","24202",NA,"0.82","0.70"
"1702332818390","order","0","4","5","5","5","5","5","5","9","15","10","14","16","26","174","283","126","244","155","259","1","2","0","0","0","3",NA,"716","960","39547",NA,"0.56","0.70"
"1702332818390","order","0","5","5","5","5","5","5","5","10","28","15","12","15","16","204","84","219","221","233","166","1","3","0","0","2","0",NA,"521","757","34908",NA,"-0.88","-0.70"
"1702332818390","order","0","6","5","5","5","5","5","5","30","9","7","6","25","13","320","201","263","233","151","319","4","0","1","0","3","2",NA,"1053","1053","40040",NA,"0.08","0.00"
"1702332818390","order","0","7","5","5","5","5","5","5","10","14","9","28","11","17","285","225","309","163","225","177","0","2","1","3","0","0",NA,"697","934","25645",NA,"-0.83","-0.70"
"1702332818390","order","0","8","5","5","5","5","5","5","6","12","19","16","25","17","182","298","150","118","228","305","1","2","0","0","4","3",NA,"1013","1013","21001",NA,"0.00","0.00"
"1702332818390","order","0","9","5","5","5","5","5","5","30","16","5","21","7","11","245","225","273","182","458","315","4","2","0","3","1","0",NA,"1110","1425","25486",NA,"-0.59","-0.70"
"1702332818783","complete","0","1","5","5","5","5","5","5","18","14","7","16","25","15","201","194","266","50","129","262","1","2","0","3","4","0",NA,"574","858","9309",NA,"-0.54","-0.70"
"1702332818783","complete","0","2","5","5","5","5","5","5","15","7","13","9","22","30","193","115","185","164","178","281","3","0","0","0","2","1",NA,"652","1001","10217",NA,"0.89","0.70"
"1702332818783","complete","0","3","5","5","5","5","5","5","20","6","19","13","9","23","286","124","167","136","192","258","4","1","3","2","0","0",NA,"713","903","8516",NA,"0.73","0.70"
"1702332818783","complete","0","4","5","5","5","5","5","5","5","21","27","9","10","20","254","255","321","381","288","178","0","2","3","1","0","4",NA,"1135","1423","8934",NA,"-0.19","0.00"
"1702332818783","complete","0","5","5","5","5","5","5","5","15","18","28","18","6","16","268","280","208","235","409","195","2","3","4","0","1","0",NA,"1165","1165","9383",NA,"-0.79","-0.70"
"1702332818783","complete","0","6","5","5","5","5","5","5","11","21","6","13","26","9","151","236","166","193","215","167","0","1","0","2","3","0",NA,"644","811","11354",NA,"0.84","0.70"
"1702332818783","complete","0","7","5","5","5","5","5","5","14","12","18","11","15","17","357","288","86","386","335","148","0","1","0","2","3","0",NA,"1009","1078","9747",NA,"-0.85","-0.70"
"1702332818783","complete","0","8","5","5","5","5","5","5","13","7","22","6","15","16","260","320","315","276","154","309","2","1","3","0","0","0",NA,"895","1204","8300",NA,"-0.03","0.00"
"1702332818783","complete","0","9","5","5","5","5","5","5","28","26","10","8","15","16","169","271","180","185","290","172","4","3","0","0","1","2",NA,"902","1095","6199",NA,"0.18","0.00"
"1702332819006","order","0","1","5","5","5","5","5","5","20","17","17","27","13","5","273","221","159","152","299","354","0","1","0","0","2","0",NA,"520","1299","36987",NA,"-0.81","-0.70"
"1702332819006","order","0","2","5","5","5","5","5","5","25","21","18","10","20","11","118","98","124","323","201","234","3","0","0","1","2","0",NA,"642","1000","44960",NA,"-0.84","-0.70"
"1702332819006","order","0","3","5","5","5","5","5","5","15","26","17","6","5","17","181","327","185","132","186","204","2","4","0","0","1","3",NA,"898","902","18060",NA,"0.83","0.70"
"1702332819006","order","0","4","5","5","5","5","5","5","18","11","14","26","20","7","254","138","227","245","275","146","3","2","0","4","0","1",NA,"783","1147","45269",NA,"0.81","0.70"
"1702332819006","order","0","5","5","5","5","5","5","5","27","19","16","22","11","9","325","324","333","282","191","260","5","0","3","4","2","1",NA,"1391","1524","18425",NA,"0.64","0.70"
"1702332819006","order","0","6","5","5","5","5","5","5","9","8","6","9","22","24","200","183","273","268","198","247","0","0","1","0","2","3",NA,"718","718","40753",NA,"-0.13","0.00"
"1702332819006","order","0","7","5","5","5","5","5","5","15","12","18","28","13","11","133","197","350","217","297","267","0","0","3","4","2","1",NA,"1131","1131","17661",NA,"-0.04","0.00"
"1702332819006","order","0","8","5","5","5","5","5","5","5","24","26","14","18","9","232","317","146","300","290","140","1","4","5","2","3","0",NA,"1285","1285","10024",NA,"0.14","0.00"
"1702332819006","order","0","9","5","5","5","5","5","5","8","20","14","26","8","22","206","82","352","141","266","150","0","3","2","5","1","4",NA,"991","991","11464",NA,"-0.61","-0.70"
"1702332820108","order","0","1","5","5","5","5","5","5","18","28","10","11","8","15","240","264","184","243","382","164","2","3","0","0","1","0",NA,"886","1129","60621",NA,"-0.15","0.00"
"1702332820108","order","0","2","5","5","5","5","5","5","5","11","24","16","13","28","62","117","173","187","142","203","0","0","3","2","0","1",NA,"563","822","34771",NA,"0.89","0.70"
"1702332820108","order","0","3","5","5","5","5","5","5","6","20","10","26","11","17","116","189","162","233","139","297","0","3","0","2","0","1",NA,"719","1020","26847",NA,"0.69","0.70"
"1702332820108","order","0","4","5","5","5","5","5","5","7","10","18","14","19","23","421","288","298","171","163","94","1","2","3","0","0","0",NA,"1007","1101","37397",NA,"-0.82","-0.70"
"1702332820108","order","0","5","5","5","5","5","5","5","7","10","7","17","26","29","309","290","241","290","256","191","1","0","0","2","3","0",NA,"855","1336","58357",NA,"-0.65","-0.70"
"1702332820108","order","0","6","5","5","5","5","5","5","7","10","18","26","22","9","200","205","239","233","201","314","0","0","2","3","0","1",NA,"786","1192","50151",NA,"-0.17","0.00"
"1702332820108","order","0","7","5","5","5","5","5","5","11","26","6","9","17","16","228","326","253","279","238","226","0","2","0","1","3","0",NA,"843","1071","38976",NA,"0.52","0.70"
"1702332820108","order","0","8","5","5","5","5","5","5","27","12","5","16","15","16","79","274","363","196","175","326","0","2","1","0","0","3",NA,"963","1042","26580",NA,"-0.85","-0.70"
"1702332820108","order","0","9","5","5","5","5","5","5","23","22","13","5","6","8","141","454","193","198","315","313","0","1","0","0","0","0",NA,"454","1103","236110",NA,"0.09","0.00"
"1702332821349","complete","0","1","5","5","5","5","5","5","19","14","20","8","24","14","227","148","168","202","206","189","1","0","0","0","0","0",NA,"227","824","15924",NA,"0.18","0.00"
"1702332821349","complete","0","2","5","5","5","5","5","5","9","23","16","12","16","25","232","336","264","230","260","270","0","1","0","0","0","0",NA,"336","1362","7089",NA,"0.77","0.70"
"1702332821349","complete","0","3","5","5","5","5","5","5","20","12","27","7","21","11","397","351","341","353","219","136","1","0","0","0","0","0",NA,"397","1661","5690",NA,"0.15","0.00"
"1702332821349","complete","0","4","5","5","5","5","5","5","20","24","7","9","8","9","385","399","222","261","150","283","0","1","0","0","0","0",NA,"399","1067","20218",NA,"0.90","0.70"
"1702332821349","complete","0","5","5","5","5","5","5","5","8","23","19","17","13","15","385","221","253","247","334","221","1","0","0","0","0","0",NA,"385","1193","6592",NA,"-0.85","-0.70"
"1702332821349","complete","0","6","5","5","5","5","5","5","13","24","7","12","14","28","260","275","193","370","210","238","0","0","0","1","0","0",NA,"370","1143","3953",NA,"0.05","0.00"
"1702332821349","complete","0","7","5","5","5","5","5","5","14","27","5","15","22","14","156","106","263","217","179","297","0","0","0","0","0","1",NA,"297","1062","7286",NA,"-0.74","-0.70"
"1702332821349","complete","0","8","5","5","5","5","5","5","22","6","19","28","11","14","140","329","248","243","270","275","0","1","0","0","0","0",NA,"329","1235","4970",NA,"-0.68","-0.70"
"1702332821349","complete","0","9","5","5","5","5","5","5","22","10","22","10","14","14","241","78","225","158","170","232","1","0","0","0","0","0",NA,"241","868","8606",NA,"0.77","0.70"
"1702332822102","order","0","1","5","5","5","5","5","5","5","22","15","10","25","22","248","226","163","232","154","108","1","0","0","2","0","0",NA,"480","1023","38482",NA,"-0.67","-0.70"
"1702332822102","order","0","2","5","5","5","5","5","5","11","23","6","21","16","22","236","156","274","232","238","245","2","0","1","4","3","0",NA,"980","993","23295",NA,"-0.66","-0.70"
"1702332822102","order","0","3","5","5","5","5","5","5","17","7","10","18","29","16","175","316","407","272","152","215","0","1","2","0","0","3",NA,"938","1147","20959",NA,"-0.78","-0.70"
"1702332822102","order","0","4","5","5","5","5","5","5","22","10","11","19","15","25","242","219","350","326","95","215","3","0","1","2","0","0",NA,"918","1352","28001",NA,"-0.09","0.00"
"1702332822102","order","0","5","5","5","5","5","5","5","18","15","18","12","7","19","248","138","224","265","184","183","3","0","2","1","0","0",NA,"737","737","17974",NA,"0.08","0.00"
"1702332822102","order","0","6","5","5","5","5","5","5","5","27","25","8","16","9","214","190","271","280","248","195","0","0","0","1","2","0",NA,"528","989","25712",NA,"-0.02","0.00"
"1702332822102","order","0","7","5","5","5","5","5","5","11","17","5","30","15","8","172","127","127","248","206","175","0","0","0","2","1","0",NA,"454","801","47200",NA,"0.72","0.70"
"1702332822102","order","0","8","5","5","5","5","5","5","6","12","13","22","25","10","136","202","94","317","204","152","0","2","0","3","0","1",NA,"671","875","24288",NA,"0.65","0.70"
"1702332822102","order","0","9","5","5","5","5","5","5","16","24","19","12","8","13","241","272","235","226","119","307","3","2","0","0","0","1",NA,"820","1055","15191",NA,"0.58","0.70"
"1702332824760","order","0","1","5","5","5","5","5","5","9","21","22","28","18","6","366","267","166","189","123","242","0","0","2","3","0","1",NA,"597","1111","59781",NA,"-0.54","-0.70"
